2806 4796
3 4273 5 4334 t

375 451 425 510 ra
449 451 534 508 nra.
554 453 614 510 ιιι.
642 413 793 509 armo.
820 413 970 528 aaran,
1150 461 1187 515 ro

171 572 305 634 mdouon
317 576 367 640 est,
378 575 413 629 dc
425 591 481 646 qno
498 576 596 648 eliquia
607 577 730 643 stolidus,
742 577 786 632 vel
795 576 915 634 furiosus
925 576 1076 631 deliberat:
1096 577 1187 646 alters,

171 655 245 725 qood
257 653 416 710 deliberatio
427 660 478 724 est,
490 660 590 728 dequo
602 659 627 714 is
636 659 836 729 deliberatorii
848 665 968 714 mentem
979 659 1089 714 babeat.
1230 722 1238 735 ¹

204 737 335 798 seeundo
343 739 439 809 incipit
451 741 588 795 declarare
597 741 748 812 speciatim,
759 741 794 796 de
803 741 903 813 quibua
913 756 967 797 non
976 742 1013 794 sit
1020 739 1188 808 deliberatio,

168 823 196 877 el
212 821 282 875 dicit
293 837 354 876 earn
372 837 425 876 non
444 839 503 878 esso
520 824 554 878 de
572 825 689 890 aeternis,
707 824 943 893 quemadmodum
959 825 995 877 dc
1010 822 1123 889 mundo,
1140 827 1190 877 aut
1238 821 1243 836 “

51 957 53 962 ,
96 977 101 983 .
167 903 1189 975 diamqtruetlaterc,quodsymmetranonsintetnonpossintoommen·
1217 949 1225 960 .

169 985 255 1038 surari
265 998 401 1039 mensura
413 988 508 1057 aliqua
519 989 668 1044 communi.
705 989 836 1042 Nominat
844 993 941 1042 antem
954 993 1058 1041 mterua
1071 1003 1121 1056 pro
1138 989 1188 1041 rra-²

169 1065 301 1128 montiis.
336 1067 381 1120 Ao
392 1070 576 1122 necessarium
588 1071 700 1138 quidem
712 1075 754 1122 ost
764 1071 882 1138 duplex;
900 1085 995 1134 unum,
1005 1072 1080 1139 quod
1092 1087 1186 1125 neces·

167 1146 268 1200 sarium
291 1152 394 1211 ese-ut
416 1149 461 1215 sit,
485 1151 728 1220 quemadmodum,
752 1154 784 1205 ut
807 1153 927 1204 mundus
948 1150 985 1203 sit
1007 1163 1128 1206 aeternus
1148 1159 1202 1208 ex*

169 1228 296 1296 opimone
309 1229 394 1282 Arist.
411 1231 537 1296 alterum,
554 1233 630 1300 quod
649 1232 834 1286 necessarium
851 1235 948 1296 est,nt
964 1234 1081 1298 nonsit,
1097 1238 1126 1286 et
1143 1237 1186 1288 eat

167 1308 320 1374 idemonm
328 1311 505 1381 impossibili;
523 1313 599 1382 qnod
610 1313 683 1367 anim
696 1329 807 1366 necesse
823 1317 865 1366 est
876 1327 930 1366 non
941 1329 1009 1378 esse,
1020 1314 1186 1384 impossibile

168 1396 212 1446 est
221 1409 290 1460 esso,
301 1395 534 1463 quemadmodum
547 1399 580 1448 ut
591 1397 732 1462 diameter,
751 1396 863 1448 otiatus
874 1396 999 1464 quadrati
1010 1412 1185 1452 communem

131 1525 134 1534 ,
166 1474 286 1533 mbesnt
295 1471 459 1545 mensuram,
471 1495 526 1549 qua
537 1483 737 1534 mensurentur.

95 1573 101 1582 ’
129 1575 132 1582 ’
199 1557 295 1616 Tertio
308 1563 391 1618 docet
408 1579 464 1617 non
481 1579 542 1634 esse
562 1564 784 1618 deliberationem
798 1559 997 1615 denaturalib.
1014 1575 1124 1628 sempor
1140 1559 1186 1612 iis·

169 1641 247 1697 dem:
268 1647 332 1699 sunt
342 1645 415 1700 enim
428 1647 554 1717 qnaedam
565 1647 707 1711 nataralia,
718 1661 781 1714 qnae
797 1659 906 1713 semper
916 1642 1013 1696 eodem
1030 1642 1111 1695 modo
1128 1656 1185 1696 mo·

166 1727 276 1788 rentur,
288 1727 382 1793 quales
394 1731 458 1780 sunt
466 1729 659 1782 conversiones
667 1727 741 1795 solia,
753 1725 1030 1787 etortnsstellarum;
1041 1723 1191 1792 dequibus.

164 1809 223 1862 tres
231 1803 341 1857 fuerant
349 1806 505 1875 opiniones:
524 1825 588 1863 nam
596 1810 709 1881 quidam
721 1799 852 1878 putarunt
863 1825 898 1861 ea
907 1808 1011 1862 moveri
1019 1821 1056 1860 ex
1066 1805 1186 1880 occassi-

168 1887 229 1938 tato
239 1884 371 1948 matrum,
386 1889 431 1940 ret
449 1888 552 1956 lormae,
564 1906 619 1945 non
633 1895 746 1959 propter
762 1893 882 1960 aliquem
894 1892 984 1955 finem,
1003 1894 1034 1942 ut
1050 1889 1183 1958 seriptum
1231 1951 1233 1958 γ

169 1963 282 2034 reliquit
296 1964 381 2020 Arist.
394 1966 438 2019 lib.
449 1969 597 2036 22Pbysic.
608 1972 655 2023 alii
666 1987 702 2022 ex
714 1975 811 2023 notura
823 1976 923 2038 agema
941 1976 1050 2040 propter
1061 1972 1143 2024 finem
1156 1977 1185 2023 et

169 2061 207 2110 ex
224 2045 358 2116 principio
367 2046 486 2112 interno,
498 2053 531 2102 ut
547 2050 606 2117 ipse
617 2050 701 2102 Arist.
712 2051 741 2101 in
760 2052 858 2102 eodem
870 2050 918 2103 lib.
928 2051 974 2103 alii
989 2067 1025 2102 ex
1041 2064 1184 2104 causaox-
1262 2098 1267 2106 .

168 2131 256 2192 terna,
268 2133 301 2182 nt
308 2146 345 2183 ex
356 2121 538 2197 intelligentia
549 2131 659 2184 caelesti.

205 2209 312 2284 Quarto
330 2213 397 2264 dicit
410 2227 469 2292 oon·
481 2229 542 2265 esse
554 2209 763 2266 deliberationes
781 2212 816 2264 do
834 2211 978 2292 naturalib.
989 2211 1111 2278 divesne,
1122 2209 1184 2281 quar
1235 2217 1240 2226 “
1282 2267 1285 2272 ,

95 2337 98 2342 .
169 2289 282 2358 quidem
293 2291 360 2346 alias
371 2293 450 2347 aliter
461 2285 601 2360 eveniunt,
619 2299 651 2346 ut
663 2293 810 2358 siccitates,
822 2297 850 2346 et
862 2291 971 2372 imbres.
1202 2297 1206 2302 ’

170 2456 177 2470 .
204 2373 314 2438 Quinto
325 2375 444 2444 exponit
465 2391 521 2430 non
536 2391 599 2430 esse
622 2375 664 2436 de,
679 2375 806 2444 fortuitis,
830 2374 985 2444 cujusmodi
1004 2377 1046 2428 est
1064 2375 1185 2430 thesauri

163 2461 486 2599 ,rugeffiomndm
503 2561 563 2599 esse
575 2545 610 2598 de
620 2542 758 2619 humanis,
771 2559 833 2612 quae
848 2543 876 2596 in
889 2545 981 2595 nostra
992 2557 1048 2595 non
1060 2545 1124 2594 sunt
1134 2557 1182 2610 po-

148 2624 275 2688 *osana
297 2627 330 2677 ut
348 2625 381 2678 -in
411 2630 548 2694 potestate
571 2626 847 2680 Lacedaemoniorum
870 2639 925 2676 non
953 2629 1020 2688 erat,
1035 2623 1182 2692 quomodo

166 2705 276 2775 Soytbae
285 2708 389 2776 optime
401 2709 586 2764 administrare
596 2709 806 2777 Rempublioam
817 2711 937 2776 possent.

199 2787 324 2858 Septimo
341 2788 427 2842 tradit
444 2791 667 2858 deliberationem
682 2807 741 2844 esse
752 2791 788 2844 de
809 2789 946 2854 humanis,
962 2805 1027 2858 quae
1044 2789 1075 2840 in
1090 2792 1183 2843 nostra
1273 2831 1280 2844 s

167 2873 383 2938 usurpatorum,
394 2887 513 2943 qumque
525 2874 603 2928 nobis
614 2873 722 2940 agenda
732 2877 797 2926 sont
804 2891 813 2936 ;
831 2871 920 2924 etboc
932 2869 1016 2923 modo
1028 2870 1063 2924 de
1076 2868 1110 2920 iis
1119 2883 1183 2942 quae

165 2951 260 3012 ednas
271 2952 417 3018 pertinent,
426 2969 480 3006 non
493 2956 528 3009 de
537 2955 582 3019 iis,
590 2969 653 3022 quaa
664 2955 802 3020 pertinent
813 2953 848 3003 ad
858 2952 935 3001 alios.
966 2949 1083 3018 Dubitat
1091 2954 1185 3002 tamon

167 3032 388 3085 Piooolomineus
403 3034 449 3087 lib.
459 3039 486 3088 2.
498 3051 557 3102 cap.
569 3039 612 3088 22.
623 3031 659 3086 in'
671 3033 744 3102 buno
758 3032 887 3091 modum
906 3031 923 3058 ‘⁴
933 3025 1048 3078 Dictum
1062 3031 1105 3077 cst
1120 3042 1186 3080 con·

169 3113 347 3178 saltationem
354 3129 418 3166 esse
428 3116 462 3166 de
477 3117 534 3168 illis
547 3117 665 3178 tanturn,
677 3131 740 3184 quae
753 3113 788 3166 ad
809 3128 859 3166 nos
878 3109 1027 3180 pertinent,
1037 3113 1067 3162 et
1078 3125 1095 3161 a
1105 3101 1186 3163 uobis
1235 3105 1240 3114 ’
1306 3093 1312 3100 ’

168 3199 229 3252 lieri
247 3197 358 3262 debent,
375 3213 442 3250 cnm
459 3203 552 3250 tamen
576 3199 611 3250 ait
632 3199 820 3264 conspicuum,
841 3196 1006 3252 consiliarios
1026 3194 1184 3264 Principum

169 3281 334 3346 consultare,
346 3285 375 3333 at
387 3279 536 3334 deliberare
548 3279 583 3331 de
600 3278 779 3332 attinentibus
791 3280 826 3335 ad
838 3279 987 3348 Principes,
999 3284 1089 3346 patres
1100 3277 1135 3330 de
1144 3280 1185 3330 at·

169 3362 320 3418 liuentibus
329 3363 364 3416 ad
376 3362 454 3430 filios,
467 3360 551 3415 acite
562 3361 597 3414 de
609 3359 731 3426 caeteris3
744 3362 818 3430 qnod
827 3361 931 3414 ratione
943 3359 1105 3415 ostenditurs
1119 3374 1185 3414 con-

166 3446 280 3502 sultatio
298 3445 372 3499 eninr
385 3451 427 3498 est
444 3444 594 3514 inquisitio,
606 3439 757 3514 mutuarias
769 3444 935 3512 comparatio
953 3442 1139 3497 ordinatorum
1154 3445 1183 3498 in

166 3530 331 3598 doem,quee
343 3527 447 3582 anobis
456 3529 513 3582 ticri
525 3534 648 3596 possunt,
658 3527 786 3582 derebus
798 3529 835 3583 ad
844 3527 966 3596 quemvis
976 3527 1183 3595 pcrtinentibus.
1253 3531 1258 3536 '
1328 3547 1338 3558 ·

169 3610 249 3664 Idem
273 3611 365 3678 paullo
385 3617 446 3681 post
465 3612 505 3664 sic
527 3603 635 3677 scribit3
662 3611 823 3681 Apparebat
840 3609 1065 3664 consultationem
1085 3611 1184 3666 versari

170 3693 296 3761 possein
312 3694 394 3748 rebus
405 3694 509 3748 alienis.
546 3695 621 3748 Hinc
637 3695 774 3764 estquod
787 3707 863 3760 saepe
880 3692 1047 3748 consulimus
1064 3693 1183 3761 pruden-

167 3777 252 3832 tiores
269 3775 304 3826 dc
325 3791 366 3840 eo,
384 3779 456 3843 quod
469 3776 551 3842 nobis
567 3777 706 3845 agendum
722 3781 784 3830 est:
803 3777 854 3830 riri
871 3775 945 3834 enim
962 3777 1110 3845 prudentes
1128 3791 1184 3830 non

169 3858 253 3912 modo
270 3873 343 3920 snas,
354 3858 402 3910 sed
413 3859 527 3912 aliorum
540 3875 650 3929 qnoque
661 3859 784 3912 aeb’oaes
802 3861 877 3910 reeta
890 3858 1090 3916 consultatione
1102 3858 1184 3910 corri-

169 3955 242 4009 gere,
254 3956 287 3993 ao
299 3940 415 4008 dirigere
432 3944 544 4010 queunt.
581 3941 634 3994 Cul
645 3938 799 3994 difficultati
811 3942 986 4009 respondens,
998 3939 1061 3994 dieo
1076 3940 1185 3992 consut-

164 4023 302 4078 tstionem
324 4015 383 4075 esse
404 4023 516 4091 quidem
533 4023 568 4076 de
586 4021 629 4086 iis,
644 4037 710 4090 qnae
729 4021 764 4074 ad
784 4037 833 4076 nos
852 4024 1004 4092 pertinent:
1024 4030 1052 4072 at
1069 4034 1118 4086 per
1137 4031 1185 4070 nor

170 4103 322 4174 intelligere
333 4103 465 4158 debemus
476 4104 790 4174 boulanium-nosipsos,
807 4104 855 4158 sed
873 4093 956 4158 etiam
968 4116 1071 4160 omnes.
1083 4097 1130 4164 qni
1148 4095 1185 4150 “d

171 4200 222 4241 uos
232 4185 520 4260 putrent-nobisque
532 4186 850 4266 suatjunotiaaonostrae
862 4184 1114 4251 ouroe,nostrasque
1124 4175 1185 4230 dili·

709 4313 717 4342 i
