2806 4796
375 359 544 434 ruens.
561 359 586 416 1.
612 359 771 417 nuere.
795 359 943 416 rursu.
1126 365 1162 416 se

82 527 85 532 .
153 487 184 539 et
193 481 342 556 praesertim
360 481 450 548 unius,
461 481 535 547 boni,
546 473 575 537 et
585 481 702 551 pulchri,
713 498 778 552 quse
789 480 854 550 ejus
862 486 928 537 sunt
940 479 1057 551 propris,
1067 482 1168 536 et'sunt

154 567 270 634 origines
290 567 462 620 caeterarum.
497 564 566 618 Idea
576 581 627 633 pro
640 564 817 620 similitudine
829 569 979 633 usurpatur
995 562 1062 615 dnm
1080 573 1168 625 omne,

152 647 226 717 qnod
236 647 364 701 universe
375 645 526 716 concipitur
538 646 638 710 animo,
657 646 720 700 idea
731 649 941 714 nuncupatem
952 644 980 697 in
993 659 1050 712 qua
1069 644 1169 712 signiti-

152 729 262 782 catione
276 728 315 782 ait
324 729 406 781 Plato
416 727 445 780 iu
453 727 578 794 Pbmdro,
588 729 658 782 duas
669 727 699 781 iu
710 741 877 802 unoquoque
887 729 1011 781 nostrum
1022 724 1102 779 ideas
1112 740 1171 778 esse

151 811 342 876 dominantes;
363 815 448 879 atque
467 811 610 875 ducentes,
626 825 696 879 ques
715 809 853 878 sequimur
871 823 1037 878 quocunque
1056 807 1171 870 ducunt,
1218 803 1225 811 '

151 892 276 944 lunatam
293 890 398 945 scilicet
408 890 590 960 cupiditatum
610 890 779 958 cupidinem,
791 894 819 944 et
830 889 991 960 acquisitam
1003 888 1169 958 opinionem,
1227 921 1233 930 ·

151 989 202 1042 per
211 988 297 1042 quam
309 973 444 1041 optimum
454 973 619 1044 expetimus.
654 973 770 1042 Hacque
782 989 841 1026 esse
853 973 938 1026 veluti
950 971 1019 1024 dues
1035 970 1169 1040 quasdam
1236 977 1240 986 ’

130 1070 317 1126 ¹communes
338 1055 448 1118 formas,
471 1069 534 1122 quse
556 1069 606 1106 uos
629 1054 743 1108 ducunt.
798 1053 833 1108 In
854 1055 951 1108 ea'dcm
972 1053 1170 1120 significatione

152 1136 244 1190 ideam
267 1135 332 1188 boni
348 1122 615 1203 sumpsissece'nseo
635 1134 779 1188 Platonem
797 1135 826 1188 in
847 1134 969 1198 Philebo,
980 1135 1046 1188 dom
1059 1133 1130 1188 dixit
1141 1134 1170 1188 iu

151 1219 285 1273 concordi
304 1216 433 1270 mistione
453 1217 596 1285 sapientie
614 1221 644 1269 et
660 1217 806 1286 voluptatis
818 1216 899 1270 licere
911 1217 989 1270 nobis
1006 1216 1169 1284 perdiscere,

155 1300 263 1369 quidet
279 1300 308 1352 iu
320 1299 518 1363 bomine,etiu
531 1299 656 1351 universo
673 1302 769 1367 suapte
781 1302 878 1352 natura
895 1300 1001 1352 bonnm
1017 1299 1170 1366 sitqureve
1233 1337 1235 1346 ,
1260 1291 1265 1296 “

152 1383 240 1452 ipsius
257 1383 326 1448 idea·
340 1380 469 1436 existat.''
493 1380 752 1446 ,Deindeostendit
763 1395 828 1448 cnm
840 1383 895 1436 tros
907 1381 961 1433 siut
976 1380 1047 1434 idere
1067 1381 1171 1448 signill-
1281 1383 1283 1386 '

154 1464 286 1528 cationes,
299 1466 365 1519 dum
378 1468 421 1518 est
433 1463 580 1533 disputatio
592 1463 627 1518 do
639 1463 704 1516 idea
722 1461 798 1527 boni,
818 1477 874 1514 non
896 1461 987 1514 sulum
1006 1459 1096 1514 ideam
1114 1475 1172 1516 non

154 1548 281 1616 usurpari
291 1548 320 1600 in
330 1547 413 1601 tertia
422 1546 629 1616 significatione,
638 1561 689 1615 pro
700 1545 796 1614 quavis
807 1543 949 1598 communi
961 1543 1072 1596 notione
1083 1542 1174 1596 auimo

153 1631 309 1697 concepta:
333 1629 383 1682 scd
397 1645 433 1682 ne
444 1631 473 1682 in
486 1628 608 1682 secunda
626 1628 738 1698 quidem
756 1623 963 1708 significatione,
980 1627 1171 1698 contraquam

146 1710 278 1771 ¹sentiunt
296 1712 418 1763 nonnulli
429 1711 553 1764 Platonis
567 1711 740 1780 interpretes,
757 1713 921 1779 tentumque
939 1706 1029 1776 accipi
1040 1707 1069 1762 in
1080 1707 1170 1774 tertia,

158 1789 195 1842 de
213 1805 269 1856 qua
288 1791 363 1841 allud
383 1792 565 1858 disputatione
585 1807 637 1846 sua
654 1793 778 1858 conticit3
804 1795 822 1821 “
833 1791 1003 1860 Colligamus
1025 1791 1119 1861 itaque
1139 1791 1169 1844 in
1225 1839 1229 1846 .

157 1873 251 1924 mente
270 1883 306 1920 ex
319 1858 455 1922 sententia
466 1871 585 1924 Platonis
597 1865 652 1925 nou
663 1873 721 1924 dari
731 1872 823 1926 ideam
835 1863 900 1927 bo‘ni
915 1873 1169 1936 contradbtiuctam
1261 1891 1264 1898 ’

157 1951 193 2005 ab
204 1950 265 2004 aliis
275 1949 345 2002 ideis
354 1968 362 2012 3
381 1948 429 2000 sed
440 1964 490 2016 per
500 1949 591 2002 ideam
609 1951 675 2004 boni
694 1953 818 2004 denotari
835 1954 937 2006 bonurn
959 1968 1126 2022 supremum,
1137 1951 1170 2008 dc

156 2035 319 2090 immensam
341 2027 494 2096 divinitatis
515 2029 722 2095 fecunditatem,
743 2033 860 2098 initium,
879 2037 907 2084 et
925 2036 1010 2084 linem
1030 2037 1169 2090 omnium:

154 2117 278 2186 quodex
290 2113 403 2177 Plotini,
423 2113 608 2182 Numeniique
627 2111 762 2166 sententie
780 2128 834 2164 non
855 2116 898 2166 est
917 2112 1059 2182 proximus
1076 2116 1172 2170 mundi

154 2195 258 2266 opifex,
274 2195 323 2249 sed
343 2194 446 2264 opificis
463 2193 569 2260 muudi,
588 2191 696 2247 Mentis
716 2191 831 2260 scilicet,
850 2197 935 2270 pater,
958 2198 1172 2267 cunctorumque

152 2281 223 2335 linis.
259 2281 334 2334 Haec
346 2296 409 2334 oum
422 2280 458 2333 sit
473 2279 690 2334 eminentissima
700 2279 796 2345 torma,
809 2296 841 2350 ac
853 2280 1000 2334 turmarum
1010 2281 1104 2344 forme,
1115 2295 1172 2334 uon
1214 2307 1216 2314 π

42 2351 46 2364 '
153 2362 289 2417 immerito
308 2363 431 2418 eminens
451 2363 515 2417 idea
525 2362 677 2430 nuncupari
698 2367 805 2430 potest:
820 2365 858 2418 ¹ct
876 2362 976 2434 dieitur
994 2364 1035 2416 sol
1053 2362 1171 2430 cirinus,

153 2444 319 2516 cujus‘lilius
337 2451 379 2498 est
396 2461 483 2510 mens,
499 2445 538 2498 sol
550 2439 745 2512 intelligibilis:
765 2461 798 2498 ao
818 2461 913 2500 eorum
931 2449 1047 2500 externa
1069 2447 1168 2516 imago,

152 2543 216 2597 qum
235 2528 361 2582 sensibus
372 2529 492 2596 offertur,
504 2531 546 2581 est
558 2529 599 2581 sol
610 2527 731 2591 visibilia,
753 2529 873 2596 cognitio
893 2528 953 2597 ejus
973 2531 1084 2598 superui
1105 2529 1169 2586 boni

153 2613 196 2663 est
215 2611 312 2678 regula
332 2610 454 2664 omniunt
474 2613 612 2663 rectarum
634 2608 794 2673 actionum
815 2603 1026 2674 catenusssenim
1048 2610 1170 2679 actiones

153 2692 342 2746 nostres-bonas
355 2697 429 2757 sunt,
438 2696 574 2761 quatenus
585 2707 653 2745 cum·
669 2692 776 2759 legibus
793 2694 893 2748 summi
911 2692 976 2750 boni
994 2693 1184 2756 conforman-'

153 2777 215 2827 tur:
237 2789 289 2826 nec
301 2774 401 2828 dIcitur
417 2775 446 2827 in
460 2775 573 2828 Platone
586 2789 620 2826 ea
637 2774 756 2840 cognitio
777 2774 853 2836 utilis
871 2774 906 2826 ad
926 2775 1068 2830 efficienda
1085 2791 1169 2844 opera

154 2855 262 2918 artium,
273 2855 321 2907 sed
331 2857 365 2908 ad
378 2860 454 2910 recte
466 2855 594 2909 obeunda
603 2870 637 2908 ea
646 2869 768 2919 munera,
777 2871 825 2922 per
833 2871 895 2922 quae
907 2854 1030 2914 homiues
1040 2855 1169 2924 deinceps
1218 2887 1223 2893 ·
1248 2885 1251 2890 ·
1321 2869 1324 2876 ·

155 2933 303 3002 probi-reb
314 2935 430 3004 improbi
442 2935 680 2994 denominantur.'’
715 2936 784 2989 ldeo
795 2935 929 2990 diciorum
943 2935 1000 2996 Qui
1010 2935 1104 2988 Deum
1115 2951 1171 2989 non
1246 2979 1247 2986 ,
1334 2975 1337 2982 .

157 3014 308 3080 cognoscit,
326 3015 356 3066 in
376 3015 494 3082 tenebris
512 3015 643 3084 oppositis
663 3014 757 3076 divino
777 3013 826 3066 soli
848 3011 980 3068 ambulat.
1015 3012 1079 3067 Hoc
1094 3014 1171 3081 jactu
1257 3081 1258 3086 ἵ

154 3093 345 3157 fundamento,
357 3093 415 3159 ipse
428 3093 644 3146 Piocolomineus
655 3096 752 3147 eodem
764 3094 832 3148 libro
844 3109 926 3161 nouo,
937 3096 1029 3164 capite
1041 3095 1169 3152 vicesimo

123 3231 129 3238 ,
154 3178 256 3248 quarto
274 3174 309 3228 sd
329 3172 507 3235 Aristotelem
529 3175 647 3242 primum
665 3177 813 3243 respondet
831 3177 887 3242 sic;
910 3181 927 3210 ‘⁴
939 3177 1009 3253 Cum
1027 3169 1167 3236 summum

49 3285 50 3288 ¹
154 3259 262 3312 bonum
280 3254 408 3325 usurpari
419 3255 511 3324 possit,
524 3262 552 3308 et
568 3270 616 3323 pro
631 3255 751 3323 objecto,
759 3261 846 3334 etxpro
858 3260 1008 3328 allectione,
1021 3277 1054 3315 ac
1067 3260 1168 3332 perfec

153 3343 238 3406 tione,
248 3357 311 3412 quac
329 3337 587 3406 anobis'recipitur,
599 3354 632 3392 eo
649 3339 710 3391 loco
724 3339 882 3392 Aristoteles
899 3357 954 3396 non
968 3343 1108 3411 objectum
1119 3361 1168 3399 ex-

153 3419 260 3480 ternum
270 3422 421 3492 quaerebat,
431 3421 479 3474 sed
492 3421 626 3486 internam
639 3421 820 3485 affectionem,
830 3425 858 3486 et
869 3423 1074 3490 perlectionem.
1099 3427 1168 3484 ldes

154 3519 221 3560 vero
230 3505 295 3560 boni
311 3505 422 3574 ponitur
434 3520 451 3556 a
462 3505 577 3558 Platone
598 3507 729 3574 tanquam
750 3509 894 3574 externum
913 3506 1060 3574 objectum,
1081 3515 1110 3566 et
1127 3512 1169 3566 id.
1279 3495 1283 3504 ’

131 3651 134 3658 ⁴
155 3587 229 3642 circo
245 3603 279 3640 ea
289 3587 437 3656 disputatio
454 3585 489 3639 de
511 3586 574 3639 idea
590 3586 658 3652 ,boni
679 3602 855 3656 nequequam
874 3587 1001 3658 instituto
1014 3592 1167 3650 Aristotelis

154 3666 307 3730 serviebam
325 3683 391 3722 nam
412 3668 447 3721 de
468 3668 674 3733 summobono,
694 3685 743 3738 pro
762 3669 870 3728 iuterna
888 3675 983 3736 nostru
1000 3674 1167 3742 perfectione

156 3752 277 3818 sumpto,
287 3749 370 3820 verba
382 3745 448 3802 lecit
458 3749 536 3803 Plato
554 3749 583 3802 in
595 3748 712 3810 Pbaedro
723 3752 882 3819 praesertim,
898 3756 934 3806 et·
947 3753 975 3806 in
990 3755 1116 3812 Philebo:
1139 3761 1169 3810 et

155 3831 297 3886 affirmarit
315 3829 433 3898 positum
451 3846 509 3886 esso
525 3830 554 3885 in
567 3830 803 3900 sapientiaquem
817 3835 964 3902 comitatur
974 3837 1127 3904 prudentia,
1138 3841 1168 3888 et

154 3914 279 3982 sequitur
296 3910 378 3975 actio,
398 3927 433 3964 ex
453 3912 552 3981 quibus
569 3911 709 3980 consurgit
728 3914 869 3982 gaudium.
907 3914 970 3970 Hoc
981 3922 1040 3972 erat
1050 3919 1079 3971 id
1092 3930 1166 3968 sum·

156 4009 230 4050 nrum
242 3997 356 4058 botrum,
368 3993 443 4062 quod
457 3994 640 4063 respondebat
658 4009 765 4052 summo
783 3998 862 4064 bono,
871 3995 1093 4068 consideratum
1105 3992 1167 4048 Ari·
1258 4047 1263 4056 ,

60 4150 63 4161 Ι
157 4078 251 4134 stotele
263 4078 291 4136 iu
300 4076 387 4148 primo
395 4075 546 4146 Moralium
554 4073 805 4160 liicomacbiorum,
840 4079 989 4136 ldeobanc
1002 4073 1167 4134 sententian
1212 4093 1226 4112 ‘

756 4176 765 4190 ·
955 4171 974 4210 u
