2806 4796
154 464 156 468 .
225 424 261 478 oo
371 487 373 492 y
471 377 1002 510 innnoccomn‘rrr.

259 542 354 596 Tertio
366 548 428 611 pout
438 542 607 612 propositum
620 559 757 607 nummum
771 543 873 596 bonum
885 543 913 596 in
926 559 987 612 cap.
1003 548 1026 596 l.
1037 548 1063 596 2
1077 547 1104 596 et
1116 545 1142 598 a.
1156 559 1188 597 ac
1201 555 1246 600 rc·

224 625 329 684 ‚mutas
341 626 375 679 de
391 641 425 694 qo
442 625 708 694 aliornnropinionea
719 625 748 679 iu
757 641 820 694 cap.
830 631 856 679 4.
865 631 891 680 ὁ.
904 629 970 679 etti.
980 629 1062 694 atquc
1075 626 1242 682 declaratam

225 707 488 778 communiquadam
497 706 601 760 ratione
612 709 641 760 in
652 707 704 760 hoc
715 709 776 776 ipro
788 709 878 778 capite
890 705 950 774 ejus
959 712 1096 770 naturam,
1109 712 1139 760 ut
1148 708 1184 766 rit
1193 709 1242 762 bo-

226 804 294 842 num
307 787 467 857 perlectum,
479 787 622 853 sufficiens,
634 793 663 843 et
680 789 830 857 optimum
848 786 946 858 incipit
957 788 1138 858 Philosophus
1154 791 1243 857 magis

226 869 334 939 proprie
350 868 496 936 explicare,
515 870 581 937 quid
600 869 637 922 ait
647 870 777 944 felicitas,
789 869 869 937 cujus
881 868 1004 924 delinitio
1016 875 1068 934 cst,
1081 875 1111 922 ut
1122 870 1158 922 ait
1170 870 1242 923 actio

227 951 421 1006 ammiratione
432 951 534 1005 utentia
546 967 582 1005 ex
593 951 694 1005 virtute
704 951 899 1022 perfectissima
910 952 939 1006 in
953 953 1010 1005 vita
1021 953 1151 1020 perlecta.
1176 952 1243 1008 Pro.-

226 1033 275 1086 bat
286 1033 399 1100 primam
419 1037 523 1102 partem
532 1033 682 1098 felicitatis,
693 1033 767 1103 quia,
786 1033 809 1087 ri
827 1023 983 1089 homini-out
996 1034 1106 1104 aliquod
1118 1048 1198 1102 upna,
1214 1037 1244 1086 et

228 1114 309 1178 actio,
321 1114 347 1166 ci
359 1114 462 1168 bonum
479 1118 529 1167 eat·
540 1115 568 1167 iu
585 1131 677 1185 opere,
695 1115 857 1169 cinctione.
892 1115 932 1169 At
952 1115 1054 1168 bomini
1070 1121 1113 1168 eat
1132 1117 1244 1185 aliquod

227 1213 307 1265 opus,
319 1200 348 1249 et
360 1196 439 1250 aetio.
477 1195 552 1264 Ergo
571 1197 597 1248 ei
615 1196 717 1250 bonum
736 1200 778 1250 cat
794 1197 822 1251 in
834 1211 925 1266 opero,
937 1199 973 1248 'et
990 1197 1104 1263 actione.
1141 1198 1243 1250 Probat

227 1277 360 1344 majorem
372 1278 489 1341 animili,
505 1279 680 1347 qnodoiouti
693 1278 806 1344 tibicini,
824 1285 853 1331 et
865 1278 1004 1344 statuario,
1015 1284 1044 1332 ct
1053 1280 1128 1332 omni
1140 1279 1244 1345 artitici,

227 1368 256 1414 ct
267 1359 387 1425 omnino,
398 1376 517 1431 quorum
528 1364 570 1414 ert
581 1377 651 1429 opus
663 1361 784 1430 aliquod,
795 1364 824 1414 et
835 1361 917 1425 aetio,
929 1361 1032 1413 bonnm
1043 1361 1073 1414 in
1084 1377 1165 1430 opere
1177 1377 1244 1415 con-

228 1444 311 1518 ristit:
328 1445 367 1496 sic
379 1439 462 1496 etium
482 1444 641 1514 simpliciter
652 1443 764 1496 bomini.
800 1443 901 1496 Probat
914 1444 1045 1509 minorem
1053 1444 1092 1497 ab
1112 1433 1242 1507 absurdo,

227 1527 305 1596 qnia,
320 1527 373 1578 nisi
390 1525 493 1594 bomini
512 1530 584 1580 erret
600 1513 712 1594 aliquod
730 1515 806 1600 ocur,
825 1528 853 1578 et
872 1525 953 1590 actio,
974 1525 1055 1578 bomo
1075 1528 1111 1580 ad
1129 1527 1242 1582 nimium

225 1609 312 1662 otium
331 1613 411 1662 natus
423 1614 510 1663 esset:
524 1613 560 1662 'et
576 1626 593 1660 a
609 1608 708 1676 partib.
721 1607 796 1677 quod
809 1608 890 1676 sicuti
902 1611 994 1677 partes
1005 1609 1240 1677 corporis-liabent

229 1707 310 1744 auum
323 1678 460 1759 proprium
480 1705 557 1759 opus,
569 1690 703 1743 nicetium
718 1689 808 1744 bomo.
846 1689 949 1764 Putant
965 1692 1089 1745 nonnulli
1102 1692 1241 1745 delinitam

229 1790 288 1828 osae
300 1778 408 1826 tantum
419 1775 517 1842 agendi
527 1775 696 1837 felicitatem,
705 1774 787 1828 duob.
798 1775 966 1843 potissimum
977 1775 1089 1829 adducti
1099 1790 1242 1844 argumen-

227 1857 279 1920 tia;
291 1857 418 1924 primum,
430 1858 504 1926 quod
516 1856 574 1910 haec
586 1857 701 1910 felicitas
712 1858 747 1910 sit
759 1858 861 1910 bonum
873 1857 1017 1922 sufficiens,
1029 1862 1058 1910 e't
1069 1859 1178 1927 quidem
1189 1857 1244 1911 aui·

229 1937 325 1995 liniens
336 1953 392 1990 non
410 1939 436 1990 ei
454 1940 514 2004 ooli,
531 1937 579 2008 qui
590 1939 678 2004 vitam
690 1937 758 1992 vivit
776 1938 935 2002 solitariam,
953 1939 1002 1992 aed
1021 1944 1050 1991 et
1066 1939 1198 2008 parentib.
1215 1941 1245 1991 et
1342 1972 1346 1976 -

230 2019 302 2089 filiis,
314 2023 343 2072 et
360 2019 440 2072 uxori
452 2024 480 2073 ct
497 2019 609 2074 omnino
627 2020 729 2085 amicis,
747 2027 776 2073 et
791 2020 871 2075 cirib.
883 2025 917 2076 ut
935 2009 1035 2094 paullo
1046 2035 1129 2087 snpra
1139 2019 1244 2074 dictum

230 2103 287 2153 est:
301 2101 409 2167 deinde,
421 2103 487 2172 quia
498 2093 658 2170 hujusmodi
669 2103 785 2158 felicitae
797 2105 832 2158 eit
843 2105 924 2169 actio,
936 2108 965 2158 et
976 2118 1030 2157 nou
1042 2101 1245 2170 contemplatio.

221 2174 361 2242 ,Nosvero
369 2199 478 2237 omnem
489 2184 645 2239 felicitatem
655 2175 961 2252 generatim'delinitum
968 2200 1027 2238 esse
1037 2183 1207 2256 arbitramur,
1216 2186 1259 2234 et·

229 2279 293 2318 cnm
304 2264 508 2317 Piooolonrineo
522 2265 718 2325 consentimus,
730 2265 778 2330 qni
790 2265 837 2326 lib.
850 2269 875 2315 9.
889 2280 949 2329 cap.
962 2269 1006 2316 26.
1020 2263 1163 2332 contendit
1175 2263 1246 2330 hano

230 2345 415 2398 definitionem
428 2357 488 2393 ease
503 2357 559 2393 non
570 2341 672 2393 nummi
688 2341 753 2392 boni
769 2339 864 2405 cirilla,
875 2339 922 2392 aed
933 2342 1035 2392 ¹summi
1046 2343 1110 2393 boni
1120 2337 1247 2397 univerae

231 2425 344 2492 sumpti,
355 2428 385 2476 ct
395 2419 519 2475 contrairi
531 2435 611 2487 poure
623 2421 658 2473 ad
672 2425 815 2488 utramque
831 2423 938 2488 partem
957 2421 1058 2473 summi
1077 2418 1149 2485 boni,
1160 2420 1246 2490 idque

229 2495 334 2573 probat,
342 2504 406 2573 quia
415 2503 498 2556 Arist.
512 2503 559 2556 lib.
572 2507 614 2556 lo.
625 2502 725 2555 Moral.
738 2501 899 2568 Nicomacb.
907 2517 967 2571 cap.
974 2507 1001 2555 7.
1012 2502 1143 2572 patefecit
1149 2502 1249 2571 hujus·

229 2584 307 2640 modi
318 2585 503 2639 definitionem
515 2589 671 2653 competere
688 2599 742 2638 nou
755 2583 837 2636 modo
849 2599 957 2636 summo
968 2584 1042 2637 bono
1053 2583 1137 2648 civili,
1149 2600 1246 2640 rernm

134 2655 147 2731 ”,
231 2655 314 2723 etiain
327 2668 465 2738 praecipue
478 2681 586 2720 summo
604 2667 676 2720 bono
688 2664 943 2735 contemplationis3
964 2666 1121 2734 idcircoque
1133 2666 1198 2719 data
1211 2681 1246 2720 ca

231 2749 373 2804 communi
384 2747 542 2802 delinitione
555 2749 584 2801 in
599 2753 623 2802 l.
635 2747 684 2802 lib.
692 2747 846 2809 ⁴declararit
857 2746 941 2800 Arist.
953 2747 1061 2813 deinde,
1079 2762 1136 2805 non
1157 2747 1247 2804 aolnm

229 2833 344 2886 vinulos
355 2831 469 2886 morales
482 2845 569 2899 unque
580 2830 615 2883 ad
633 2833 742 2882 eertum
760 2829 867 2894 librum,
879 2845 974 2883 verum
990 2829 1072 2882 etiam
1084 2830 1198 2882 virtutes
1209 2830 1246 2883 arl

230 2913 372 2981 rationem,
383 2917 412 2967 et
424 2913 722 2981 nientem'pcrtinentes
733 2911 761 2963 in
772 2916 852 2964 sexto
861 2911 938 2966 libro.
959 2911 1040 2976 Quod
1052 2913 1149 2964 attinet
1161 2911 1194 2963 ad
1205 2925 1247 2964 ar·-
1261 2931 1264 2940 ’

230 2989 362 3068 gumenta
370 2995 514 3059 contrariu,
524 2994 658 3048 sufficiens
669 2993 859 3064 consideratur
870 2994 978 3047 duobus
989 2993 1106 3048 modus:
1124 2993 1170 3047 vel
1179 3006 1247 3062 qua·

231 3085 312 3148 tenua
324 3073 414 3148 poteri
425 3077 547 3130 sufficere
557 3075 642 3128 ctiam
651 3073 720 3139 aliis,
730 3074 806 3144 qnod
816 3073 852 3127 dc
862 3076 964 3144 ,mendi
977 3074 1106 3127 felicitate
1118 3073 1246 3141 intelligi-

231 3165 291 3211 tur:
302 3161 347 3213 vel
357 3157 493 3226 qnatenus
502 3157 588 3208 vitam
596 3157 677 3210 efficit
688 3157 855 3224 eligentium,
865 3160 894 3209 et
906 3155 1058 3211 nulliuarei
1068 3155 1246 3223 indigentem,

230 3237 309 3306 quod
322 3235 450 3289 convenit
458 3250 571 3303 quoquo
579 3239 783 3306 contemplandi
794 3237 924 3293 felicitati.
947 3237 987 3292 Et
993 3238 1100 3306 duplex
1108 3241 1150 3288 est
1160 3237 1249 3302 aotio;

233 3317 332 3386 partim
347 3315 536 3390 concideratio,
549 3317 722 3388 cognitioque
733 3335 822 3372 rerum
840 3319 1000 3385 celandum,
1011 3325 1041 3370 et
1054 3334 1159 3384 earum,
1177 3332 1248 3388 quaa

233 3416 251 3452 a
261 3403 360 3454 natura
370 3398 502 3464 occultae,
511 3401 541 3452 et
551 3399 669 3458 latentes
681 3399 815 3466 indagare
826 3399 894 3451 ratio
903 3401 1009 3466 potent:
1022 3400 1119 3466 partim
1131 3413 1249 3468 rerump.

234 3479 441 3546 administratio,
453 3483 501 3533 ant
519 3480 745 3542 administrandi3
764 3478 923 3546 aoiaudique
939 3479 1068 3546 prudens,
1085 3484 1249 3550 temperata,

232 3561 319 3627 sortia,
337 3565 367 3613 et
383 3560 551 3628 juatarntio,
570 3560 713 3628 omniaque
724 3559 818 3622 virtus,
837 3561 866 3612 et
883 3558 955 3612 actio
974 3560 1065 3612 uirtuti
1086 3561 1248 3631 congruent,

236 3655 300 3712 qnae
318 3657 375 3695 uno
385 3643 468 3696 verbo
478 3643 606 3697 honestas
618 3641 727 3706 dicitur,
747 3645 777 3692 ut
794 3639 893 3707 legitur
905 3639 978 3708 apud
991 3640 1152 3697 Ciceronem
1163 3643 1209 3697 lib.
1219 3647 1247 3700 ὀ.

234 3723 388 3783 delinitus.
424 3724 524 3794 Itaque
536 3721 733 3792 contemplatio
743 3717 794 3775 sub
804 3719 911 3774 dodone
923 3717 1174 3790 comprehenditur(
1188 3723 1249 3777 Du·
1279 3717 1283 3724 ’

235 3806 338 3872 bitatur
357 3809 459 3873 autem,
477 3807 544 3876 qnia
563 3807 651 3860 omnir
671 3805 742 3858 actio
763 3807 806 3858 cat
822 3806 933 3872 proptor
956 3803 1046 3860 alind:
1066 3806 1155 3858 omnia
1173 3805 1247 3859 enim

235 3903 320 3959 agenr
338 3891 447 3956 propter
458 3888 540 3942 tinem
553 3887 617 3955 agit.
645 3886 811 3940 otrannus
822 3899 878 3938 non
889 3888 932 3938 eat
942 3889 1051 3954 propter
1063 3887 1148 3941 aliud.
1172 3885 1256 3954 Ergo'

233 3971 349 4026 felicitas
364 3985 419 4022 nou
436 3973 478 4022 eat
493 3969 574 4022 actio.
611 3968 732 4032 Quidam
750 3971 852 4035 negant
870 3965 1014 4033 minorem,
1029 3973 1057 4021 et
1078 3967 1249 4030 dicunteaae

161 4081 167 4096 ι
235 4056 347 4123 propter
358 4051 443 4117 abud,
454 4052 611 4118 contingere
628 4049 735 4108 duobus
746 4050 849 4113 modim
865 4053 914 4102 aut
930 4056 1040 4119 propter
1051 4049 1124 4102 uliud
1141 4064 1250 4116 nepen-

223 4142 305 4202 ‚tum,
317 4125 346 4190 et
356 4137 408 4190 hoc
420 4135 502 4189 morlo
514 4148 569 4188 non
580 4129 825 4187 eme'ielicitatem:
838 4135 887 4187 ent
898 4138 1008 4204 propter
1016 4130 1091 4208 alind
1100 4129 1249 4197 inclusum,
1262 4144 1266 4152 ’
