2784 4804
318 424 368 478 llll
393 375 950 480 Liti.v111.·1t‘r1110.tttt1sn.
1086 421 1139 477 stt

126 545 173 598 cst
182 558 336 614 commune,
346 543 399 596 nisi
408 547 545 612 quatenus
556 541 602 596 illo
609 543 645 600 ab
653 541 696 596 his
707 542 825 612 percipit
837 544 991 597 utilitatem.
1025 541 1101 610 Ergo
1111 543 1141 596 in

75 677 81 684 ,
127 623 600 702 hisnecamicitia,uecJ'ustitiaest.
637 624 1143 697 Declaratminoremquia'l'yrannus

127 719 158 758 ae
175 704 257 760 tanet
270 703 305 756 sd
315 703 468 767 subditum,
478 707 511 756 ut
522 703 618 756 artilex
631 704 666 756 ad
682 702 906 769 instrumentum,
917 705 1023 758 animus
1035 705 1069 757 nd
1082 720 1144 758 cor·
1190 723 1210 753 ⁴.

126 801 189 854 pus,
201 786 328 841 dominus
336 785 372 838 ad
383 801 502 850 serrum,
514 785 724 852 uumjnreutur.
759 787 799 839 At
810 785 931 840 amicitia
939 788 1016 840 nella
1026 792 1069 840 est
1078 801 1155 848 cum,
1231 807 1238 820 ι

124 867 206 922 miras
216 867 379 934 inanimatis,
388 869 548 937 nullumque
555 867 619 935 jus:
642 883 694 920 nec
702 883 767 921 eum
779 881 861 938 equo,
869 870 913 922 vel
926 869 994 921 boso
1006 880 1057 920 nec
1076 881 1142 924 cum

129 965 216 1020 servu,
227 949 365 1020 quatenus
377 965 473 1006 servus
491 955 549 1003 est:
569 965 630 1002 nam
653 966 749 1003 servus
759 957 803 1004 est
816 951 1028 1006 instrumentum
1041 952 1146 1003 autma-
1231 1004 1237 1011 ,

129 1037 205 1090 tum:
225 1038 253 1086 at
262 1032 475 1086 instmmentnm
488 1037 531 1084 est
542 1047 637 1084 servus
656 1033 831 1086 inanimatus.
868 1024 969 1086 sersus
986 1036 1078 1084 tamen
1094 1045 1143 1099 po·

128 1113 183 1168 test
192 1115 263 1167 sumi
273 1114 430 1182 dupliciter,
443 1113 488 1164 rel
504 1115 536 1164 ut
544 1127 646 1173 servus,
661 1113 704 1162 vel
713 1117 745 1164 ut
755 1112 845 1180 nomo,
857 1117 885 1166 ct
893 1114 983 1186 primo
993 1113 1075 1166 modo
1087 1127 1143 1166 non

127 1197 170 1246 cst
179 1195 300 1248 amicitia
311 1210 374 1246 cnm
385 1208 480 1246 servo:
499 1191 619 1242 secundo
628 1194 767 1244 modoest.
994 1246 996 1250 ,

163 1277 287 1346 Septimo
305 1277 352 1340 ait,
370 1276 398 1328 in
417 1273 544 1344 populari
561 1276 696 1342 potestate
715 1289 775 1326 esse
793 1273 924 1342 majorem
933 1276 1003 1342 juris
1021 1285 1143 1330 commu·

128 1355 249 1422 utonem,
261 1359 290 1408 et
301 1355 353 1408 hoc
364 1355 540 1408 modoetiam
552 1352 691 1409 amicitiae.
723 1353 804 1408 Unde
815 1356 945 1424 sequitur,
956 1356 986 1408 in
994 1371 1144 1424 paucorum

131 1438 250 1491 ἰιιιιιίοιιο
261 1452 319 1490 esse
331 1437 423 1489 minus
430 1435 510 1512 juris,
525 1439 555 1487 ct
565 1435 705 1500 amicitiae,
717 1450 802 1504 qnam
813 1435 842 1488 in
858 1435 983 1504 populari
1001 1440 1145 1504 potestate,
1176 1463 1181 1470 ·

128 1517 273 1588 plessero,
287 1533 370 1587 qnam
379 1517 408 1571 in
418 1511 585 1585 i'yrannide.

465 1694 520 1762 ιιι
543 1693 703 1764 corun
725 1659 817 1764 xuf

114 1851 118 1858 ·
143 1841 264 1892 -.Ριιιιιο
276 1841 338 1894 luco
349 1839 471 1892 traditio
483 1839 632 1905 societate,
642 1845 672 1892 et
685 1843 878 1894 cummunione
888 1841 1005 1910 positam
1017 1855 1077 1894 esse
1088 1820 1163 1894 oms

130 1935 196 1974 nem
208 1920 374 1974 amicitiam:
394 1923 485 1973 tamen
501 1921 566 1972 alias
579 1921 665 1986 magis
676 1926 782 1986 natura,
796 1923 862 1974 altas
874 1923 960 1992 magis
972 1923 1145 1992 pactionibus
1192 1951 1194 1957 ι
1263 1959 1268 1970 1

131 2005 275 2056 constare:
298 2001 372 2072 quod
391 2004 596 2068 consanguinee
607 2001 694 2072 magis
706 2006 814 2055 constat
822 2006 938 2055 natura:
959 2003 999 2054 sic
1011 2004 1092 2058 ctiam
1106 2018 1148 2056 so·

129 2081 225 2136 dalilis
233 2099 268 2136 ex
280 2079 403 2136 mombus
413 2087 519 2135 naturas
531 2083 770 2136 convenientibus:
784 2075 953 2146 citilisver'o,
963 2083 1147 2148 cttribuitum

129 2167 159 2220 ct
178 2163 260 2216 simul
274 2163 471 2232 navigantium,
488 2167 517 2216 et
534 2164 600 2215 aliea·
614 2162 781 2229 hujusmodi,
792 2163 894 2216 similes
911 2166 977 2236 snut
994 2161 1147 2227 socialibus,
1213 2187 1216 2198 ·

129 2246 159 2296 et
169 2251 298 2299 constant
306 2246 392 2312 magis
403 2245 585 2314 pactionibus,
596 2245 630 2297 ad
643 2261 711 2312 quas
723 2243 807 2298 etiam
819 2245 933 2298 retertur
943 2239 1092 2314 hospitalis.

163 2327 293 2382 Secundo
315 2327 441 2379 observat
457 2327 695 2394 consanguineam·
705 2325 853 2381 amicitiam
873 2343 933 2380 esse
945 2327 1147 2394 multiformem,
1223 2375 1225 2380 ,
1316 2313 1324 2322 ’

131 2423 196 2485 quse
219 2407 303 2461 habet
321 2407 540 2465 communionem
560 2408 709 2477 sanguinis,
726 2409 891 2476 nutritionis,
909 2406 1082 2464 educationis
1092 2430 1099 2472 ;
1120 2414 1148 2461 et
1189 2417 1194 2423 “

129 2491 302 2560 praecipuam
315 2506 374 2544 esse
391 2490 539 2543 amicitiam
552 2487 694 2559 parentum
707 2505 770 2543 cum
782 2491 861 2545 fllllss
887 2495 916 2544 ct
926 2491 1016 2556 docet,
1029 2491 1093 2558 quid
1104 2489 1148 2555 sit,

128 2571 205 2640 qnod
225 2575 351 2640 parentes
369 2571 455 2640 magis
475 2575 569 2625 amant
584 2577 672 2638 natos;
685 2589 766 2641 quam
787 2573 843 2626 nati
862 2577 1008 2642 parentasse
1026 2571 1055 2625 id
1072 2573 1147 2626 enim

127 2654 220 2707 evenit
231 2653 267 2706 cb
277 2654 398 2724 quinque
410 2670 535 2717 eaussas;
547 2669 663 2724 quarum
676 2655 821 2723 prima'est
833 2655 906 2724 quod
919 2657 1045 2723 parentes
1055 2657 1148 2708 amant

128 2737 206 2787 natos
216 2737 346 2804 tanquam
355 2735 398 2788 sui
408 2735 527 2803 ipsorum
536 2737 637 2806 aliquid
649 2737 846 2799 existumant
858 2736 909 2788 hoc
922 2736 1030 2788 modos
1045 2752 1075 2788 se
1086 2750 1147 2802 pos·

118 2831 232 2870 *ressosr
245 2819 305 2869 nati
315 2833 380 2871 nero
391 2822 484 2870 amant
496 2813 630 2885 parentes,
644 2834 700 2869 non
711 2821 843 2886 tauquam
856 2834 912 2881 eos,
924 2819 973 2885 qui
985 2817 1041 2870 sint
1052 2816 1095 2868 sui
1105 2816 1147 2886 ip-

40 2942 45 2946 .
127 2911 219 2948 summ
232 2893 345 2963 aliquid,
364 2901 393 2946 et
410 2913 428 2946 a
448 2911 477 2946 sc
496 2911 647 2961 possessos,
660 2897 709 2944 sed
727 2897 819 2960 potius
835 2901 968 2960 tanquam
987 2897 1146 2960 sniposses·
1194 2941 1199 2946 .

129 2989 213 3039 sores,
236 2974 373 3041 aquibus
394 2972 446 3039 ipsi
464 2973 566 3038 aliquid
586 2971 716 3024 existent.
738 2973 867 3036 'Semper
888 2973 982 3022 autem
1004 2970 1147 3038 possidens

128 3055 216 3122 magia
235 3054 342 3106 videtur
361 3067 452 3104 amare
470 3067 526 3102 rem
545 3065 706 3118 possessam,
718 3063 801 3118 quam
813 3065 856 3102 res
872 3065 997 3120 possessa
1009 3051 1146 3118 possiden·

128 3141 195 3190 tem.
232 3132 329 3188 Altera
348 3147 445 3185 caussa
466 3136 516 3196 est,
534 3131 606 3199 quod
626 3135 753 3198 parentes
772 3130 861 3200 magis
881 3135 983 3184 norunt
1002 3132 1071 3185 lilios
1087 3147 1146 3187 esse

130 3233 205 3283 suos,
223 3231 308 3286 qnam
328 3213 377 3267 tilii
395 3218 539 3280 parentes:
562 3218 590 3264 et
604 3227 641 3266 ox
657 3213 764 3265 certiori
780 3211 896 3267 scientia
914 3211 1000 3281 major
1019 3214 1146 3281 prouenit

115 3317 214 3355 anaor.
249 3295 344 3352 'l'ertia
356 3302 407 3362 est,
419 3296 494 3366 quod
503 3301 629 3366 parentes
638 3297 795 3364 producunt
806 3297 884 3364 lilios,
893 3301 922 3352 et
933 3297 980 3351 tilii
992 3302 1097 3352 exeunt
1108 3317 1144 3355 ex

126 3382 295 3454 perentibus.
333 3381 369 3434 Ei
388 3383 517 3444 autema
536 3391 591 3445 quo
604 3379 705 3446 aliquid
722 3384 772 3444 est,
779 3379 877 3433 dicitur
888 3395 947 3433 esse
957 3382 1142 3454 propriumlid,

126 3466 199 3536 qood
216 3479 252 3518 ex
272 3466 332 3533 ipso
348 3467 399 3525 est,
417 3464 448 3515 ut
468 3460 609 3544 deus,'vcl
628 3462 707 3530 pilus,
718 3464 762 3515 vel
779 3462 920 3532 quodlibet
935 3463 1008 3518 aliud
1025 3471 1067 3517 est
1081 3482 1142 3534 pro·
1181 3506 1184 3511 .

124 3548 215 3616 prium
226 3548 260 3610 ei,
271 3545 345 3614 quod
358 3545 455 3598 habet:
472 3559 533 3596 non
545 3560 560 3596 e
573 3559 714 3610 converso,
725 3543 762 3610 id,
774 3561 856 3614 aquo
868 3545 971 3616 aliquid
982 3550 1033 3612 est,
1043 3547 1142 3602 dicitur
1162 3559 1167 3570 “

130 3643 189 3681 esse
204 3627 343 3696 proprium
363 3627 398 3692 ei,
409 3625 485 3694 quod
505 3625 540 3677 ab
556 3625 618 3694 ipso
634 3631 686 3691 est,
698 3630 731 3678 nt
748 3625 868 3692 hemma
884 3641 940 3695 qno
951 3634 993 3684 est
1007 3629 1083 3696 dens,
1093 3632 1140 3696 ael

124 3709 207 3777 pilus,
221 3721 276 3759 non
289 3707 387 3760 dicitm
398 3723 457 3760 esse
479 3709 603 3776 proprius
619 3709 705 3774 denti,
722 3710 766 3763 rel
785 3709 847 3779 pilo.
883 3711 1056 3784 Omninoque
1068 3729 1140 3770 unus

122 3790 269 3852 terminus,
282 3788 328 3856 qut
340 3787 428 3842 tendit
438 3789 466 3840 iu
479 3790 592 3842 alterum
605 3791 761 3854 terminum,
770 3793 811 3844 est
822 3793 1002 3862 conjunctior,
1015 3800 1044 3849 et
1055 3813 1139 3866 oopu-

125 3871 215 3934 latior,
226 3883 308 3936 quam
320 3868 352 3933 is,
367 3869 396 3920 in
407 3885 490 3938 quem
501 3867 603 3934 tendit,
618 3870 804 3940 majoremque
822 3871 877 3941 ille,
896 3877 978 3945 qnam
989 3877 1043 3943 hio,
1055 3878 1139 3948 habet

124 3951 339 4021 propensionem.
376 3948 481 4011 Quarta
501 3963 601 4011 caussa
618 3956 669 4018 est,
684 3951 759 4020 quod
774 3959 901 4022 parentes
918 3959 1036 4026 diligunt
1053 3958 1137 4024 prius,

127 4047 191 4086 cnm
202 4032 294 4087 statim
313 4033 393 4084 natos
405 4031 537 4098 diligant:
557 4029 604 4084 tilii
616 4039 708 4102 amant
718 4036 861 4104 posterius,
872 4043 933 4092 cim
945 4037 1139 4106 assumpserint

128 4115 274 4183 notionem,
293 4113 337 4168 vel
353 4125 475 4167 sonsum.
511 4111 615 4177 Quinta
632 4129 729 4169 caussa
747 4121 797 4184 est,
808 4120 883 4189 quod
900 4123 1026 4191 parentes
1043 4109 1136 4174 ament

958 4214 978 4252 x
