2836 4812
215 425 267 479 1³6
462 422 564 480 ANT.
592 371 988 486 mcccouluffluu.
1180 419 1189 426 '

212 541 260 595 sed
272 545 401 598 censetur
418 539 615 604 estimandum,
628 538 724 608 quenti
744 540 793 595 not
803 538 912 601 oculus,
926 539 975 589 out
993 536 1062 588 deus
1074 537 1165 592 heberi
1178 536 1225 591 de·

215 623 288 681 beet
323 625 375 680 Ille
386 630 476 698 autern
488 633 595 674 versus:
1093 627 1094 632 ’

331 745 336 758 “
406 738 465 788 Turn
475 707 673 795 toennensem,
682 737 742 786 ieret
752 737 772 784 si
783 735 884 799 quinque
895 735 957 798 quod
967 734 1024 796 egit.

214 854 327 912 Hesiodi
344 855 387 904 est
404 851 441 903 de
454 849 673 905 Rbedumuntbo.
708 851 807 905 Multis
827 854 920 903 brnen
933 850 961 902 in
977 849 1053 911 locis,
1067 847 1156 916 inquit
1168 847 1227 915 phi-

212 934 349 1004 losophus,
357 932 387 985 id
398 948 456 986 esse
468 931 587 985 alienum
599 933 718 990 videtur.
754 933 851 986 Veluti
871 933 894 986 si
906 931 1167 1008 quismngistretum
1179 945 1226 996 ge·

211 1034 273 1074 rens
291 1016 408 1085 aliquem
428 1016 599 1086 percusserit,
619 1031 675 1070 non
691 1020 739 1076 est,
750 1016 1031 1084 repercutiendust‘si
1050 1013 1111 1082 quis
1134 1012 1225 1074 elicui,

103 1131 106 1140 ι
198 1099 258 1167 .qui
274 1099 465 1166 mugisbntunr
479 1103 565 1164 geret,
577 1113 683 1158 munus,
695 1098 828 1162 intulerit,
846 1102 959 1150 nonest
974 1093 1166 1158 tantummodo
1184 1110 1225 1148 re·

210 1180 415 1250 percutiendus,
436 1179 483 1232 sed
506 1179 617 1246 gravius
639 1180 806 1247 puniendus.
849 1179 937 1233 Addit
952 1167 1154 1257 Philosophus,
1165 1191 1225 1258 pers

201 1263 327 1336 umultunr
343 1261 482 1326 interesse,
494 1265 588 1317 utrum
607 1261 711 1330 aliquid
723 1263 771 1314 tint
781 1261 933 1324 voluntate,
952 1265 981 1315 ct
992 1268 1097 1328 sponte,
1109 1273 1145 1312 en
1157 1273 1225 1326 pru·

211 1345 255 1398 ter
265 1344 445 1407 voluntatem,
458 1347 486 1394 et
497 1342 591 1397 invite.
669 1348 673 1352 ’
1098 1367 1102 1374 ·

246 1414 374 1474 Secundo
392 1413 521 1478 ostendit,
538 1414 621 1481 quale
633 1413 732 1466 debeat
743 1429 802 1466 esse
815 1413 863 1481 jus
880 1412 989 1466 talionis
1008 1425 1060 1468 seu
1077 1409 1224 1480 reciproce

212 1494 402 1564 perpessionis,
414 1493 487 1564 quod
510 1493 555 1545 lex
575 1493 685 1546 tationis
704 1493 786 1546 debet
801 1493 978 1558 considerari,
997 1508 1051 1545 nou
1072 1492 1230 1577 sucurrrdunr⁸

213 1577 398 1646 aeqnulitttern
413 1591 510 1641 rerum,
523 1575 776 1639 utconsiderebant
784 1575 946 1643 Pythagorei
958 1573 1006 1644 qui
1019 1574 1147 1627 volebant
1157 1589 1223 1628 ouu-
1291 1627 1303 1636 ,,

213 1657 273 1712 lum
284 1673 333 1726 pro
345 1658 433 1721 oculo,
443 1660 556 1708 murrum
565 1671 617 1723 pro
628 1671 712 1708 mauu
722 1655 825 1720 deberi,
839 1656 887 1708 sed
906 1656 1058 1724 secuudum
1076 1651 1224 1724 proportio·

212 1739 286 1800 ueiu,
298 1743 327 1790 et
338 1737 543 1794 similitudinem
554 1737 673 1803 munnio,
690 1741 732 1801 ut,
747 1738 770 1790 si
782 1739 831 1792 dus
842 1738 909 1795 mibi
921 1729 991 1808 opus
1000 1742 1088 1801 tunm,
1099 1753 1154 1791 nou
1162 1737 1225 1791 red·

214 1817 277 1872 dens
298 1819 349 1870 tibi
366 1834 436 1886 opus
456 1833 558 1884 meum,
575 1819 641 1888 quia
661 1835 694 1870 eo
708 1817 820 1872 tortasse
839 1834 894 1871 non
909 1819 1084 1888 ibdigeused
1100 1807 1224 1888 idjnuod

211 1900 368 1969 aequivalet.
404 1897 573 1967 Huiusmodi
590 1899 663 1953 eninr
681 1900 838 1970 reciprocis,
851 1902 895 1955 vel
907 1901 1141 1978 aequivalentibus,
1157 1915 1220 1954 curn

212 1995 261 2048 per
274 1995 323 2049 pro
340 1980 402 2048 peri
414 1980 541 2048 urerentur,
558 1984 651 2034 manet
667 1982 824 2056 conjunctio
844 1983 969 2038 civitatis.
1004 1984 1076 2036 Nam
1094 1983 1146 2058 vel
1156 1982 1224 2036 dnnt

212 2077 327 2129 operum
338 2061 469 2123 homines,
489 2067 521 2114 ut
537 2063 640 2116 mulum
659 2065 786 2124 reddunt,
803 2067 833 2118 et
848 2059 1029 2118 ulciscantur:
1047 2064 1120 2136 quod
1132 2062 1154 2114 si
1166 2077 1221 2116 non

211 2142 267 2208 tint,
277 2143 392 2196 servitus
401 2144 461 2197 est:
472 2143 514 2196 vel
524 2147 556 2195 ut
568 2143 671 2196 bonum
679 2143 827 2216 recipiunt:
846 2146 947 2216 alioqui
963 2161 1017 2220 nou
1028 2145 1063 2197 sit
1073 2135 1221 2197 officioruin

211 2223 379 2289 vicissitudo,
387 2242 444 2293 qua
453 2226 527 2278 cives
539 2225 617 2279 simul
631 2232 749 2280 monent
785 2226 922 2290 Quocirca
933 2225 1230 2302 grafiummltemplum'

210 2307 336 2374 ipsodnv,
344 2306 371 2358 id
383 2309 433 2371 ost,
445 2307 474 2359 in
486 2307 584 2370 medio,
595 2310 624 2360 et
635 2309 695 2361 loco
706 2310 809 2383 potenti
822 2313 955 2372 statuunt,
966 2313 998 2362 ut
1008 2312 1109 2378 putent,
1121 2305 1223 2362 launu-

210 2387 274 2440 durn
288 2403 347 2440 esse
362 2387 617 2441 remunerationem.
637 2389 672 2442 ld
685 2388 758 2444 enirn
771 2389 866 2457 gratiae
878 2390 1015 2458 proprium
1027 2395 1077 2454 est,
1096 2394 1128 2442 ut
1140 2389 1222 2442 bene·

209 2467 271 2522 licio
281 2470 402 2536 allectus,
414 2469 530 2522 vicissim
542 2471 680 2532 inserviat,
697 2477 725 2524 et
742 2471 874 2524 beneflcio
891 2470 1008 2524 efficiens
1020 2486 1115 2524 rursus
1122 2470 1223 2538 poun-

209 2552 295 2602 cetur.
329 2549 398 2602 Tres
410 2554 501 2603 sutem
514 2556 577 2604 snut
593 2553 688 2620 gretiae
705 2555 801 2604 mutuo
819 2553 890 2605 inter
908 2567 937 2603 ee
956 2552 1087 2618 amplexu
1106 2550 1222 2618 coujun-

210 2631 280 2693 ctae3
291 2644 451 2686 uneuverse
461 2631 492 2684 in
504 2633 603 2693 medio,
612 2649 675 2702 quae
684 2648 815 2686 converse
824 2630 1045 2704 edexcipientes,
1062 2625 1091 2682 et
1101 2631 1223 2698 amplec-

209 2711 306 2777 tentes,
317 2711 452 2784 significet
463 2711 606 2768 ministerii
616 2714 795 2768 redditionem
805 2726 812 2764 ε
826 2714 888 2766 (lune
901 2712 1027 2776 adversae,
1039 2699 1220 2778 quee'excipi-

155 2818 157 2827 ν
207 2794 294 2856 entes,
314 2796 343 2846 et
363 2796 575 2864 complectentes
592 2785 745 2864 significent
762 2794 825 2846 novi
846 2793 971 2846 beneficii
989 2791 1219 2862 provocationem.

208 2871 315 2929 Auctor
326 2873 448 2930 Micbeel
458 2877 600 2946 Ephesius.

128 2971 133 2976 ·
242 2954 338 3030 Tertio
365 2959 483 3012 ostendit
507 2959 619 3012 modurn
643 2955 739 3010 similis
762 2956 944 3026 perpessiouis
964 2955 1038 3027 quod
1059 2952 1219 3024 conjunctio
1320 2987 1323 2994 «

207 3052 257 3105 per
268 3038 430 3094 diametrum
442 3041 522 3094 edicit
533 3039 736 3109 proportionem
755 3039 784 3092 iu
803 3028 992 3093 retributione.
1027 3038 1114 3092 Verbi
1123 3037 1219 3108 gretie,

107 3186 110 3194 Ι
207 3119 242 3172 sit
253 3119 436 3193 quadrilatera
447 3123 542 3190 figura,
554 3123 615 3176 inA
630 3121 794 3177 aedificetur:
808 3121 837 3176 in
848 3121 959 3176 Bsutor
969 3139 976 3179 ι
988 3121 1017 3176 in
1031 3121 1176 3175 Cdomus:
1192 3118 1220 3171 iu

208 3198 236 3251 D
249 3201 366 3332 unguens,
379 3202 511 3255 diameter
523 3203 559 3254 nb
567 3204 592 3256 Α
604 3203 630 3256 in
642 3204 676 3268 B,
688 3219 705 3254 u
718 3203 742 3257 B
759 3204 788 3258 iu
804 3199 928 3271 C,'linen
939 3208 1014 3258 recta
1027 3204 1061 3256 ab
1073 3201 1171 3272 ungulo
1184 3197 1219 3250 nd

211 3294 282 3346 ungu
295 3297 349 3336 um.
363 3296 364 3300 ’

398 3401 425 3456 Α
705 3405 707 3410 ’
949 3401 973 3453 Β

354 3478 1042 3700 Μ

369 3848 392 3902 C
405 3847 511 3902 Domus
525 3521 906 3932 λῐ)
919 3843 1036 3897 Calceus

241 4019 305 4076 Jum
319 4017 477 4087 conjunctio
494 4031 544 4084 per
563 3986 726 4068 diametrurn
744 4014 886 4083 conjungit
902 4016 1220 4082 aedificatoriculceum

146 4164 152 4172 k
208 4103 292 4156 sutori
303 4103 424 4155 donum.
459 4095 600 4176 l'soportio
612 4100 663 4160 cst,
674 4102 744 4152 utne
754 4090 1219 4174 babetaedificatored'sutorern,sio
1242 4161 1247 4168 ⁸

1411 1355 1415 1374 ’
