2836 4812
198 325 264 418 ἰιι
344 351 346 356 ·
440 317 977 438 ,runnrccconrrrn'un

168 521 171 530 ,
212 479 312 534 licere
333 481 424 552 aliqua
440 481 542 548 injusta
559 479 657 541 facere,
677 453 711 530 ut
728 470 825 545 postea
840 477 943 544 possint
955 467 1048 543 aliqua
1062 474 1140 543 juste
1151 471 1225 549 denir

214 563 289 632 quod
300 557 905 621 tamenboneoconsultationinonconvenit
1003 565 1007 570 “
1203 598 1205 607 .

248 645 422 708 Duodecimn
433 641 472 693 ait
483 641 582 693 bonam
604 640 832 694 consultationem
852 653 908 691 non
923 631 982 692 csse
994 634 1071 691 illam
1069 653 1153 706 ,quae
1169 629 1229 690 lon·

212 726 281 796 giori
294 733 412 792 tempore
431 721 533 773 utitur:
555 720 604 772 sed
614 720 696 785 silam
717 737 780 789 quae
799 721 935 772 breviori:
950 719 1083 786 contingit
1094 733 1177 783 eorm
1195 723 1229 770 ut

214 809 292 878 alius,
299 806 352 874 qui
365 805 447 856 donat
459 804 569 868 longum
582 799 711 882 ternpus
703 817 732 856 m
743 803 932 868 consultando,
943 803 1026 854 finem
1038 815 1117 854 suum
1130 789 1229 852 conse-

214 895 329 960 quatur:
348 891 376 939 et
387 887 457 940 alius
474 887 521 957 qui
540 886 621 939 breue
633 890 751 955 ternpus.
781 887 837 940 Sed
848 887 921 939 illins
938 900 992 938 non
1008 883 1117 953 proprie
1128 868 1234 934 dicitur·

81 1005 87 1014 .
139 1027 142 1042 ἡ
213 968 475 1025 boesconsultatto:
501 967 782 1035 hujusuerodicitur.

246 1050 443 1104 Decinrotertio
454 1051 574 1102 ostendit
576 1051 685 1118 ,qualis
696 1051 732 1101 sit
740 1051 813 1102 bona
824 1049 997 1112 consultatio,
1007 1046 1136 1098 nimirum
1147 1031 1231 1120 recti-

216 1133 293 1196 tudo,
305 1148 368 1201 quae
381 1131 416 1184 ad
428 1131 585 1194 utilitatem,
606 1135 635 1184 et
653 1133 688 1184 ad
705 1133 744 1194 id,
756 1133 830 1198 quod
848 1134 964 1200 oportet,
979 1123 1161 1182 obtinendum
1158 1145 1231 1198 ,quo

216 1217 309 1280 modo,
322 1218 351 1268 et
363 1229 418 1284 quo
430 1220 554 1282 tompore
566 1213 684 1268 obtineri
695 1214 786 1276 debet,
794 1213 999 1266 accommodata
1011 1214 1061 1265 est.
1160 1247 1163 1258 .

251 1297 369 1350 Decimo
381 1300 479 1364 quarto
490 1297 575 1348 tradit
585 1295 694 1348 duobos
713 1295 799 1348 modis
811 1295 867 1348 tieri
879 1286 977 1348 bon'am
994 1292 1229 1364 consultationem,
1235 1321 1240 1326 =

218 1383 266 1434 aut
278 1378 446 1447 simpliciter,
456 1379 485 1429 et
497 1376 630 1442 absolute,
644 1381 692 1428 aut
704 1377 740 1428 ob
751 1379 855 1428 certum
855 1377 986 1444 aliquem
995 1376 1087 1441 tinem,
1100 1379 1129 1428 et
1140 1376 1229 1448 singu

219 1460 395 1520 laterneto
416 1459 535 1528 primam
552 1456 663 1526 quidem'
681 1457 758 1524 dirigi
777 1459 813 1510 ad
833 1458 998 1524 absolutum,
1018 1461 1047 1510 et
1062 1447 1146 1510 totius
1165 1460 1230 1511 vitre

219 1543 349 1597 humanae
371 1556 544 1595 communem
563 1540 655 1604 finem,
683 1547 875 1608 summumque
903 1540 1020 1605 bouum,
1040 1545 1070 1594 ct
1089 1541 1233 1614 beatitudi-

197 1645 203 1656 ’
219 1639 305 1678 nem:
331 1624 441 1676 alteram
454 1637 519 1674 vcro
531 1621 567 1675 ad
579 1625 687 1685 certum
699 1621 828 1689 aliquem,
839 1623 869 1673 et
883 1623 1020 1690 proprium
1040 1621 1132 1701 tinem,
1149 1607 1180 1676 ut
1196 1624 1231 1676 ad

122 1727 134 1742 ‚
220 1707 363 1760 scientiam
375 1702 589 1772 adipiscendam,
603 1703 638 1756 ad
650 1703 758 1756 divitias
775 1701 982 1806 comparandas,
992 1705 1027 1757 ad
1039 1688 1153 1758 honores
1162 1703 1233 1759 obti-

218 1786 332 1840 nendos.

256 1867 471 1936 Decimoquinto
493 1867 620 1921 observat
645 1868 745 1920 bonam
767 1869 994 1940 consultationem
1016 1870 1128 1946 adipisci
1146 1871 1236 1936 finem,
1272 1929 1276 1941 ¹

211 1947 302 2016 ‘quem
314 1948 402 2001 dictat
418 1948 582 2015 prudentia:
603 1939 734 2016 quoniam
755 1951 778 2002 si
798 1950 870 2003 bene
889 1943 1042 2004 consultare
1059 1955 1101 2004 est
1116 1953 1235 2024 pruden-

131 2027 134 2034 '
220 2030 300 2094 tium,
312 2044 423 2082 necesse
433 2033 483 2092 est,
491 2030 603 2082 utbona
613 2030 776 2084 consultatio
786 2032 822 2084 sit
832 2029 973 2096 rectitudo,
984 2034 1019 2086 ad
1030 2030 1175 2085 utilitatem
1187 2049 1235 2108 aq·

207 2112 404 2176 ¹commodata,
416 2115 445 2164 et
463 2112 497 2164 ad
518 2112 637 2182 aliquem
655 2113 737 2166 finem
749 2114 845 2181 relata,
862 2115 944 2190 cujus
962 2107 1020 2184 ipsa
1036 2115 1182 2210 prudentia
1193 2120 1236 2170 est

153 2258 156 2264 ι
199 2237 201 2242 .
223 2209 287 2249 vera
299 2193 474 2248 existimatio.

573 2345 628 2412 ιιι
645 2325 812 2413 'creon
834 2269 885 2414 ιι.

230 2509 237 2558 3
259 2490 358 2543 Ριιιιιο
371 2491 440 2555 loco,
453 2506 517 2544 cum
530 2493 609 2546 aliter
621 2489 730 2547 habitus
742 2495 925 2562 conjungatur
943 2511 1005 2550 cum
1023 2498 1176 2565 pmdentia,
1189 2495 1238 2566 qui

153 2629 156 2637 1
226 2571 261 2623 de
272 2567 353 2644 rebus
363 2573 431 2626 actis
437 2575 555 2640 judicat,
565 2581 593 2632 et
604 2577 773 2648 dividitur-in¹
789 2580 900 2640 σύνεσιν,
911 2579 963 2630 hoc
980 2583 1030 2643 est,
1047 2573 1239 2646 ¹perspicacita-
1326 2623 1335 2632 .

225 2656 290 2716 tem,
295 2656 387 2720 atque
398 2657 512 2731 γνώμην,
526 2656 576 2710 ιιοο
588 2663 629 2709 est
630 2658 822 2722 ,sententiam
835 2659 916 2710 tradit
933 2657 1050 2712 inveniri
1064 2661 1148 2712 etiam
1162 2677 1237 2728 pers·

223 2731 407 2802 picacitatem,
421 2741 449 2794 et
457 2733 668 2804 hebetudinem
680 2753 768 2831 quam
775 2739 866 2792 Graeci
886 2739 1024 2808 appellant
1041 2743 1189 2809 ἀσυνεσιιιν,
1201 2760 1239 2797 ex

152 2897 155 2904 ,
226 2816 327 2884 quibus
338 2834 517 2888 perspicaces
529 2827 557 2872 et
566 2819 677 2872 hebetes
689 2835 871 2875 nominamus
927 2853 928 2858 ι

231 2899 389 2962 Secundo
409 2904 494 2955 uadit
512 2902 748 2972 perspicacitatem
765 2919 820 2956 non
832 2919 892 2959 esse
910 2905 1062 2974 scientiam,
1073 2909 1115 2961 rel
1136 2875 1240 2980 opinio·

126 3012 128 3015 v
224 2992 306 3050 nem:
318 2985 454 3057 quoniam
475 2986 496 3036 si
515 2986 709 3054 perspicacitas
729 2991 807 3039 esset·
819 2987 945 3059 scientia,
962 2988 1006 3042 vel
1023 2991 1123 3060 opinio,
1135 3008 1238 3058 omues,

224 3066 273 3134 qui
285 3067 375 3120 sciunt
386 3062 496 3158 aliquid,
513 3067 556 3118 rel
572 3067 717 3136 opinantur
737 3070 909 3138 perspicaces
922 3076 1036 3126 essent.
1056 3075 1130 3141 quod
1147 3078 1240 3172 tamen

225 3153 454 3210 nonest,

179 3294 185 3309 V.
216 3271 218 3278 ,
233 3207 363 3300 Tertio,
374 3225 457 3278 tradit
468 3228 706 3296 perspicacitatem
719 3249 774 3286 uon
786 3249 846 3286 esse
854 3234 939 3290 unam
948 3238 1067 3306 aliquam
1078 3239 1112 3292 de
1123 3209 1243 3308 singula·

227 3303 302 3358 ribus
315 3305 449 3372 scientiis;
451 3309 516 3368 ,ubi
534 3310 635 3378 accipit
653 3315 794 3367 scientiam
813 3318 1001 3382 universalius,
1020 3321 1241 3386 quamsuperius

225 3386 308 3440 fecit:
328 3383 517 3456 complectitur
530 3391 602 3442 enim
616 3393 667 3445 sub
681 3394 791 3446 nonuoe
804 3397 926 3450 scientiae
939 3397 1020 3448 etiam
1039 3401 1120 3460 artas,
1136 3404 1167 3450 ut
1177 3399 1241 3454 Me·

227 3467 354 3531 dicinam,
367 3486 400 3522 ea
412 3472 515 3524 scilicet
524 3471 629 3524 ratione
630 3491 705 3541 ‚qua
717 3473 854 3528 communi
867 3477 999 3530 vocabulo
1008 3475 1126 3532 scientia
1133 3467 1242 3549 dicitur,¹

229 3547 302 3620 quoe
304 3550 432 3619 priorum,
445 3559 473 3605 et
483 3554 659 3622 posteriorum
672 3555 813 3608 ordinem'
805 3573 833 3608 ιιι
846 3573 875 3610 se
888 3557 978 3613 habet.

180 3662 183 3670 ·
218 3671 225 3692 ,
236 3631 367 3702 Quarto
385 3635 467 3694 tradit
478 3637 714 3706 perspicacitatem
727 3653 782 3692 ιιοιι
794 3655 854 3693 esse
865 3641 1055 3718 Medicinam
1037 3647 1122 3724 ,quia
1134 3663 1189 3702 ιιοιι
1200 3613 1242 3703 est
1259 3639 1261 3644 ¹

222 3707 441 3782 ,desalubn'bus
497 3773 499 3776 ,
534 3723 537 3730 ’

233 3795 368 3860 Quinto
390 3799 473 3874 tradit
486 3803 728 3870 perspicacitatem
746 3819 802 3858 non
819 3820 880 3859 csse
901 3797 1084 3900 Geometriam
1086 3812 1171 3880 ,quia
1186 3826 1241 3864 ιιοιι
1259 3873 1263 3880 ,

228 3876 351 3938 versatur
361 3885 389 3940 ln
404 3869 646 3954 magnitudinibus.

234 3964 350 4074 Sexto
361 3969 447 4025 tradit
458 3971 693 4041 perspicacitatem
707 3991 762 4074 noo
773 3993 832 4034 esse
845 3951 986 4036 scientiam
999 3939 1061 4050 de''
1034 3994 1085 4045 us,
1096 3987 1158 4044 quae
1171 3991 1241 4030 scm·
