2836 4812
289 469 295 480 ,
358 403 408 460 ru
432 403 525 463 ιιι.
543 405 599 470 vr.
618 407 784 466 nense.
810 411 972 469 rursu.
1131 421 1183 476 ιιι

164 493 364 579 dubitationem
376 479 523 596 dupliciter
533 525 723 608 respondetur.
747 529 822 584 Nam
833 532 923 600 prime
934 534 1017 588 modo
1030 532 1130 593 dicitnr
1140 552 1183 592 sa·

162 605 273 678 pientes
283 607 446 678 quandoque
461 608 553 663 miuus
564 611 716 678 prudentes
732 611 828 680 rideri,
847 625 903 668 non
915 615 956 668 'cb
974 614 1122 691 inscitiam,
1133 617 1191 674 sed'

163 687 201 744 ob
210 692 397 758 contemptum
409 707 500 746 rerum
512 689 691 747 humanarum
692 695 860 764 ,propterea
871 695 947 767 quod
956 699 1082 753 mortalis
1092 697 1191 769 parvi

76 794 79 803 ¹
163 769 317 838 iaciuntet
334 772 498 827 immortalia
514 779 620 829 curent.
657 775 781 846 quuod
799 776 946 832 declararit
961 779 1076 834 Aristot.
1095 781 1146 836 lib:
1157 779 1187 836 1:

154 849 300 907 'Politicou
311 869 374 922 csp.
385 858 411 908 ⁷.
418 856 546 926 exemplo
554 855 692 922 TheletisJ
704 874 752 926 qur
744 859 914 927 praevidens
924 861 1095 914 sterilitatem
1107 863 1182 918 olen·

160 948 232 1002 rum,
244 933 311 986 emit
331 951 440 990 omnem
458 937 557 1002 oleam,
574 930 604 990 et
621 935 712 992 iaetus
730 929 774 992 est
784 938 870 1005 dives,
887 942 970 1009 atque
987 944 1034 1005 its,
1048 939 1183 998 indicarit

160 1013 214 1068 sibi
224 1014 304 1082 focile
315 1015 399 1070 fuisse
410 1017 499 1084 ditari,
507 1017 557 1071 sed
565 1033 594 1071 se
602 1018 711 1072 divitias
722 1019 936 1088 parvipendisse.
961 1021 1089 1075 Secundo
1098 1023 1181 1077 modo
1284 1015 1286 1020 ’

161 1093 270 1161 dicitur,
282 1097 421 1166 sapientes
437 1095 494 1151 non
511 1113 570 1152 esse
588 1095 740 1168 prurientes
755 1097 904 1170 prudentii
914 1103 1046 1172 populari,
1058 1119 1116 1175 qus
1133 1103 1182 1159 ho-

160 1176 248 1232 mines
260 1179 417 1234 divitiarum
429 1184 458 1236 et
466 1179 638 1250 propriorum
650 1182 859 1235 commodorum
870 1184 935 1251 plus
946 1183 1030 1238 nimio
1042 1190 1107 1241 sunt
1118 1187 1183 1242 soli·

160 1253 218 1313 cili.
254 1254 424 1328 Hujusmodi
436 1259 510 1314 euim
524 1261 671 1330 prudentia
687 1262 824 1332 sapientes
835 1271 891 1317 non
903 1267 974 1317 suut
984 1265 1092 1334 praediti
1101 1282 1109 1321 ι
1130 1261 1180 1323 sed
1206 1283 1210 1290 ’
1283 1273 1287 1281 ’

159 1355 254 1395 rerum
265 1343 421 1407 ostendunt,
432 1357 496 1396 cum
510 1343 664 1412 praeclaras
677 1343 801 1398 condunt
818 1345 903 1414 leges,
915 1347 944 1399 et
960 1348 1081 1416 egregius
1092 1349 1181 1418 proie-

159 1427 227 1478 runt
244 1425 393 1488 sententias
404 1425 440 1480 sd
451 1425 523 1479 bene
532 1426 683 1480 vivendum
697 1425 874 1496 pertinentes.
911 1429 983 1482 Cum
1002 1433 1094 1483 sutem
1106 1431 1185 1485 dicat

160 1503 340 1575 Philosophus
351 1507 486 1576 quosdam
494 1505 580 1561 fuisse
599 1507 753 1561 nominstos
766 1507 913 1576 sapientes,
924 1500 1123 1562 obsertandum
1139 1515 1186 1564 est
1193 1559 1206 1578 ,

160 1585 258 1655 viginti
268 1587 404 1658 imprimis
422 1587 453 1642 in
468 1583 701 1660 tota'snti‘qnitate
716 1583 825 1644 habitos
844 1601 904 1644 esse
924 1587 1071 1659 sapientes.
1108 1589 1182 1645 Num

157 1667 200 1722 etc
211 1669 322 1724 fuerunt
333 1671 461 1741 appellati
473 1675 593 1742 quatuor
604 1672 632 1725 in
645 1669 795 1742 AEtbiopin,
814 1663 944 1726 nimirum
958 1671 1088 1740 Cepheus
1102 1667 1180 1726 cht
1238 1709 1245 1714 -

162 1750 406 1818 Cassiopeunxor:
425 1753 698 1808 Andromedietiliu.
719 1755 835 1809 Perseus
850 1770 943 1824 gener,
959 1757 1070 1824 propter
1088 1768 1181 1808 rerum

113 1839 118 1844 '
162 1831 318 1886 coelestium
330 1833 525 1901 cognitionem.
565 1833 662 1887 Unns'
654 1852 683 1888 ιι
696 1836 809 1914 Assyria
820 1835 1010 1902 Prometheus,
1021 1851 1071 1905 qur
1062 1835 1184 1890 affixus

162 1912 290 1967 Qucum
299 1915 481 1982 Astrologiam
494 1915 612 1983 Assyriis
622 1915 763 1970 indicarit.
798 1917 900 1970 Unus
892 1933 921 1970 ru
932 1917 1103 1971 Mauritania
1112 1915 1184 1971 Ath-

162 1993 203 2048 las
216 1995 278 2048 Rex
281 2011 348 2065 ,qur
339 1995 496 2064 spbeerurn
509 1997 623 2061 invenit,
637 2002 667 2049 et
680 2011 795 2051 cursum
806 1997 877 2050 Solis
888 2013 920 2050 ac
933 1988 1038 2063 Lunae,
1045 1999 1180 2052 siderum·
1185 2045 1186 2054 ,

162 2093 218 2146 que
227 2073 437 2138 omnisdoouit.
474 2076 540 2131 Duo
555 2075 671 2131 heroicis
682 2078 861 2146 temporibus,
871 2077 987 2145 Ulysses
998 2083 1111 2147 propter
1121 2093 1182 2131 ver·

161 2163 256 2212 sutum
267 2159 407 2227 ingenium
426 2160 591 2228 πολύτροπος
608 2161 801 2227 nuncupatus:
818 2163 847 2210 et
857 2157 969 2223 Nestor,
983 2158 1063 2224 cujus
1074 2158 1182 2228 sepiens

152 2241 319 2311 eloquentis
328 2241 413 2296 melle
422 2243 529 2295 dulcior
537 2239 638 2295 dicitnr
648 2241 790 2295 extitisse:
802 2240 882 2295 Unus
889 2241 1058 2311 temporibus
1067 2239 1182 2296 Homeri

158 2322 314 2390 Lycurgus,
322 2323 369 2392 qui
382 2317 456 2393 leges
467 2323 532 2377 tulit
542 2319 770 2377 Lucedscmoniis.
777 2313 779 2319 ⁴
793 2323 907 2392 Septem
919 2323 1097 2394 sequentibus
1108 2326 1178 2376 tem·
1187 2371 1196 2380 .

162 2403 283 2474 poribus,
302 2419 402 2473 nempe
414 2387 562 2459 cleobolus
574 2403 708 2458 Lindius
693 2405 760 2473 ,qui
773 2404 854 2458 dixit
859 2419 951 2465 rerum
970 2406 1094 2459 omnium
1112 2403 1183 2476 opti-

161 2501 236 2540 mam
247 2502 307 2540 esse
326 2477 498 2564 mensuram}
518 2487 598 2540 Chilo
617 2488 848 2540 Lacedaemonius
849 2501 918 2558 ,qur
910 2487 1032 2540 Nosce
1035 2489 1180 2558 teipsum·

161 2567 313 2623 Periander
333 2553 499 2635 Corinthius,
522 2569 570 2639 qui
573 2561 676 2623 Imm
693 2567 891 2624 cohibendum.
919 2569 1044 2624 Pittacus
1068 2567 1182 2639 Mityle·

161 2665 240 2716 neus,
259 2651 308 2720 qur
319 2646 363 2705 Ne
372 2651 446 2722 qurd
452 2651 548 2706 nimis.
565 2651 655 2706 Solon
661 2651 846 2718 Atheniensis,
846 2651 906 2746 'qui
920 2651 1109 2721 Spectandum
1121 2667 1181 2706 esse

160 2731 242 2786 finem
254 2734 333 2789 ιιιιιξ
345 2731 413 2787 Bias
424 2731 635 2806 Prenensts,qur
628 2729 800 2803 complures
809 2729 917 2804 pejores
923 2749 998 2788 esse·
991 2763 1001 2787 ,ν
1005 2733 1113 2786 ''I'hales
1124 2733 1182 2788 Mi-

138 2813 252 2877 lesius,
266 2815 323 2886 qni,
333 2815 454 2886 sponde,
470 2811 547 2870 nors
558 2820 659 2885 proesto
677 2819 728 2870 est.
763 2816 857 2885 Atque
868 2815 897 2870 hi
908 2827 1003 2869 omues
1016 2815 1182 2868 commemo·

48 2939 52 2944 .
160 2899 255 2948 rentur
274 2894 346 2951 ind.
357 2895 471 2949 'insoni
508 2895 588 2949 Unus
604 2893 715 2950 oraculo
736 2895 873 2962 Apollinis
887 2895 1029 2959 judicatus
1046 2897 1182 2960 Socrates,

160 2979 194 3028 ut
204 2975 306 3044 legitur
316 2976 399 3028 etiam
412 2975 486 3044 spnd
496 2973 671 3048 (bosionem.
694 2975 824 3054 lienique
834 2978 890 3024 tres
902 2973 977 3038 apud
984 2969 1137 3037 Romanos
1147 2973 1183 3025 de

163 3056 283 3126 quibus
275 3069 304 3108 m
316 3056 405 3109 Laelio
418 3054 570 3118 Ciceronis,
581 3049 687 3108 scilicet
697 3045 732 3109 L
744 3051 852 3105 Asilius
868 3054 978 3121 propter
994 3049 1183 3118 jurispruden-
1242 3051 1247 3056 ’

162 3137 246 3191 tiam:
270 3135 313 3190 M.
327 3135 398 3188 Cato
416 3138 529 3203 propter
548 3135 715 3190 multarum
718 3149 808 3189 rerum
827 3146 925 3186 usum·
948 3131 982 3186 C.
1001 3131 1107 3234 Lsclius
1122 3135 1181 3188 tuin

138 3209 146 3218 '
163 3221 272 3290 propter
283 3215 469 3286 prudentiam,
480 3219 540 3270 tum
553 3219 667 3284 propter
677 3229 769 3268 usum.

196 3299 292 3364 Sexto,
303 3293 389 3352 aliam
401 3297 603 3350 distinctionem
615 3297 693 3350 utiert
704 3295 846 3365 sapientius
857 3307 873 3349 a
884 3295 1038 3367 prudentis,
1051 3297 1126 3366 quod
1139 3311 1182 3352 sa-

162 3381 265 3451 pientia
277 3377 418 3450 cognoscit
430 3379 615 3452 universalis·
609 3418 615 3432 .
632 3379 783 3448 prudentia
800 3393 864 3433 vero
876 3381 931 3432 hon
944 3379 1033 3431 solum
1044 3375 1183 3433 uniuersa-

163 3463 210 3530 ιιι,
226 3463 276 3518 ted
286 3463 369 3517 etism
383 3461 543 3530 singularis:
557 3477 622 3516 nem
634 3463 723 3516 omnis
735 3457 814 3528 ιὀιιο,
825 3463 909 3532 mam
921 3461 1087 3530 propositum
1100 3459 1184 3520 habet

164 3543 367 3610 Prudentia,in
378 3544 561 3614 singularibus
573 3545 703 3599 comitur.
722 3536 727 3560 ²
746 3541 782 3598 ln
801 3539 889 3596 rehus'
906 3545 999 3594 sutem
1018 3543 1183 3612 peragendis

163 3639 221 3678 non
240 3625 305 3679 sutis
325 3630 367 3680 est
387 3632 489 3680 tenere
502 3625 684 3680 universalem
695 3616 841 3691 rationein,
852 3627 885 3679 nt
895 3615 1079 3679 lerescarnes
1091 3623 1184 3680 faciles

165 3707 203 3766 sd
213 3702 451 3778 concoquendum,
462 3713 491 3763 et
501 3710 625 3764 salubres
635 3725 696 3764 esse
706 3708 781 3764 :sed
796 3703 905 3780 oportet
922 3708 1005 3762 etiam
1017 3723 1182 3780 cognoscere

164 3789 343 3880 singularem,
347 3795 387 3842 ἰιι
398 3792 490 3844 avium
503 3791 606 3858 carnes,
619 3787 774 3858 csse‘ler'es,
792 3793 821 3844 'el
830 3781 959 3844 salubres
962 3783 964 3790 '
990 3790 1091 3861 ‘Atque
1108 3795 1183 3851 utru-

163 3873 219 3942 que
235 3871 305 3925 ratio
322 3871 441 3924 tenende
452 3876 502 3926 est
537 3872 601 3940 Sed,
614 3873 707 3926 sinna
718 3872 753 3926 sb
770 3873 856 3927 alters
867 3873 1020 3943 separanda
1026 3875 1075 3942 ιιι,
1085 3873 1183 3926 mellus

163 3952 288 4007 esthanc
289 3950 480 4023 ,quamillam
497 3956 600 4008 tenere.
648 3933 756 4023 Atque
752 3943 820 4008 hic
826 3952 949 4026 quidem,
969 3953 998 4008 id
1015 3958 1067 4020 est,
1087 3955 1117 4008 in
1137 3967 1183 4004 nc-

165 4036 285 4092 tinnibus
297 4042 340 4092 est
351 4035 484 4107 quaedam
481 4037 720 4106 architectonice,
728 4043 755 4093 et
766 4041 921 4119 princepss
937 4025 1030 4111 ‘Ratio
1035 4035 1182 4108 siqnidem,

165 4120 364 4187 senonensis,
384 4122 416 4176 ut
435 4120 475 4173 uit
493 4117 650 4174 Eustratius
666 4133 729 4176 cum
740 4109 940 4194 'experientihm
948 4120 1112 4186 adjunctam
1127 4125 1181 4168 non
