2806 4796
390 389 439 444 ιιι
461 389 548 446 un.
567 367 627 446 ιιι.
651 387 807 446 nrnrc.
831 388 980 446 nnrsr.
1153 388 1189 444 ιι
1254 403 1259 412 ·

171 525 244 582 μοι
253 511 351 578 apodte
361 515 465 578 ageret.
490 511 530 566 At
541 512 641 566 minoi
653 513 765 568 ratiodia
775 527 884 583 expers,
897 517 926 565 et
934 525 1005 581 puer
1015 510 1115 579 sponte
1124 509 1189 577 am

173 593 561 665 nummulariorum.
581 595 840 668 Alterumeiiqucd
852 599 876 666 ai
884 593 1190 666 proptercupiditatem,

141 708 144 713 -
168 685 201 732 et
212 679 282 734 Ιιιιιι
291 691 349 732 nan
360 673 458 746 tumn
476 679 594 746 ιςίιιιιιι,
610 680 724 733 honesta
741 685 848 750 sponte,
857 676 950 747 turpia
962 676 1151 746 accpiditate,
1162 677 1192 727 et

62 787 69 800 =
169 764 210 816 ira
226 759 427 831 proficiscendo
446 775 501 814 non
520 765 619 830 sponte
638 761 755 830 ιςιιιιιιι.
796 762 843 816 ott
862 760 1014 814 obtundam
1033 761 1077 810 ert
1095 771 1191 810 conn-
1279 755 1285 764 '

169 857 270 914 anana
281 857 351 910 ann
361 856 425 908 ma,
442 848 472 897 et
487 845 585 898 eadem
603 844 638 898 ait
649 859 733 898 cauea
744 843 920 898 tenatorum
930 847 958 896 et
969 839 1100 910 mrm'nm,
1111 835 1192 890 nimi·

174 926 236 981 rum
258 927 388 981 uoluntas
411 925 540 980 hnmana.
587 925 662 995 Rapo
681 927 764 980 etiam
783 925 957 982 antecedens.
998 920 1123 975 renium
1142 921 1194 983 ert,

171 1007 248 1078 quad
264 1005 330 1078 quaa
341 1011 451 1076 oportet
467 1011 606 1077 appetere,
618 1023 653 1061 ea
670 1021 725 1062 non
748 1007 851 1060 debent
871 1007 1000 1078 appellari
1020 1003 1117 1058 inrita.
1153 1001 1194 1054 Aa

169 1091 249 1164 irasci
261 1091 292 1143 iu
303 1090 450 1158 aliquibui,
459 1096 488 1143 et
499 1105 602 1157 cupere
615 1089 716 1156 aliqua,
727 1092 834 1158 oportet
846 1092 983 1156 appetere.
1020 1087 1094 1154 Ergo
1104 1083 1193 1142 inrito

170 1172 304 1243 appellari
323 1187 379 1224 uon
392 1171 504 1231 debent.
551 1171 687 1234 Quarum
707 1169 1213 1240 estquodomniainritaauntmcg
1305 1171 1307 1178 '

171 1255 251 1312 lenta
287 1253 328 1306 At
338 1249 616 1324 qnwexnupiditate
628 1252 708 1316 liunt,
727 1269 783 1306 nou
801 1257 868 1304 eunt
884 1253 1008 1306 moleste.
1043 1251 1118 1320 Ergo
1135 1263 1192 1304 non

173 1334 269 1388 invita.
304 1334 441 1399 Quintum
454 1333 675 1404 eat,i1uod‚qure
695 1337 759 1388 suut
780 1350 859 1404 reque
878 1333 1016 1404 fugienda,
1037 1347 1121 1402 aeque
1137 1345 1193 1384 nou

171 1419 239 1470 aunt
249 1415 343 1472 inrita.¹
380 1415 428 1482 At,
440 1433 504 1486 quae
515 1413 713 1486 delinquuntur
725 1431 760 1470 ex
772 1414 878 1469 ratione
890 1414 1024 1477 utilitatis,
1035 1416 1064 1469 et
1081 1427 1144 1482 quae
1156 1427 1194 1466 ex

173 1497 221 1564 ba,
233 1503 299 1552 aunt
310 1512 390 1569 ecque
400 1498 540 1570 fugienda.
566 1497 643 1568 Ergo
655 1515 735 1569 ecque
744 1513 800 1552 nou
813 1501 877 1550 aunt
888 1495 982 1550 inrita.
1018 1495 1133 1546 Sextum
1146 1497 1195 1558 ert,

172 1579 249 1650 quod
261 1596 376 1650 quorum
387 1575 521 1652 principia
532 1582 598 1634 aunt
610 1577 739 1646 humana,
751 1582 780 1633 et
792 1576 955 1640 voluntaria,
968 1575 1015 1628 iila
1026 1577 1091 1627 aunt
1101 1572 1197 1635 huma·

172 1675 218 1727 na,
237 1666 267 1714 et
285 1664 444 1716 voluntaria.
492 1663 531 1716 At
542 1663 591 1728 ira,
603 1667 633 1716 et
644 1663 782 1734 cupiditaa
799 1666 871 1738 eunt
888 1659 1002 1714 hnmani
1024 1652 1147 1723 affectus,
1168 1659 1196 1706 et
1223 1679 1242 1720 ,-

173 1741 329 1804 voluntarii
349 1748 486 1810 quatenus
506 1745 662 1798 suasionem
683 1746 828 1814 recipiunt.
878 1743 953 1812 Ergo
974 1757 1038 1813 quae
1058 1739 1128 1794 liunt
1147 1753 1197 1812 per

177 1817 257 1885 iram,
270 1823 299 1872 et
308 1836 357 1887 per
367 1822 557 1888 cupiditatem,
575 1829 639 1876 sunt
651 1826 780 1890 humanu,
792 1829 820 1878 et
832 1823 992 1888 voluntaria,
1011 1827 1040 1876 et
1050 1821 1102 1876 lroc
1115 1819 1196 1874 modo

178 1893 236 1956 nnn
251 1899 347 1954 inrita.
383 1899 456 1953 Heec
470 1901 640 1955 Aristotelea.
672 1905 892 1958 Piccclomineur
912 1907 1004 1956 antem
1019 1903 1110 1966 lima.
1131 1917 1194 1968 cap.
1278 1925 1284 1930 ·

179 1983 223 2038 18.
235 1979 288 2038 hac
301 1981 336 2036 de
354 1981 384 2036 r'e
401 1981 523 2035 Platonis
543 1979 641 2036 recitat
662 1983 819 2052 opinionem
841 2001 876 2036 ex
889 1983 996 2050 dialogo
1007 1987 1034 2036 9.
1045 1981 1081 2034 de
1093 1983 1197 2051 legione

175 2061 205 2122 in
218 2065 292 2119 hunc
312 2065 435 2128 modum,
446 2065 463 2092 ‘⁶
475 2063 505 2116 Si
517 2063 581 2134 quis
591 2077 677 2116 manu
689 2079 740 2116 ena
751 2064 866 2116 liberum
878 2061 1015 2114 hominem
1026 2063 1066 2114 ira
1079 2060 1199 2129 percitus

176 2145 352 2210 interfecerit,
374 2145 492 2215 primum
511 2145 642 2214 bipartito
660 2147 729 2198 iram
745 2149 853 2214 oportet
865 2143 1047 2210 distinguere:
1068 2141 1198 2211 petinam

177 2227 253 2302 enim
265 2227 330 2281 lacit
342 2228 429 2299 etqui
442 2227 533 2282 subito
544 2227 649 2296 absque
660 2228 803 2280 voluntate
822 2223 997 2279 interimendi
1014 2223 1149 2288 interficit,
1160 2217 1200 2278 ito
1297 2245 1302 2248 ·

177 2313 211 2364 nl
230 2308 374 2364 confestim
397 2312 459 2380 poet
479 2309 802 2380 impeturnpoenitentia
822 2311 969 2377 aequatum
988 2307 1083 2376 etqui
1102 2311 1200 2359 contu-

178 2391 269 2457 melia,
281 2391 324 2445 vei
336 2391 435 2460 injurie
449 2389 578 2455 lacessiti,
594 2391 711 2460 ideoque
724 2390 754 2443 in
768 2389 898 2443 vindictae
911 2389 1063 2458 cupiditate
1075 2399 1201 2458 peracre·

177 2477 271 2528 rantes
281 2477 377 2542 postea
388 2473 512 2527 volentes
524 2473 729 2539 interfecerunt,
741 2489 794 2526 nec
807 2471 927 2541 poenitet
938 2488 971 2524 ea
984 2471 1095 2525 scolare:
1109 2467 1201 2540 dupli·

176 2569 238 2608 cern
251 2555 336 2622 igitur
347 2555 452 2608 caedern
465 2571 566 2624 ponere
579 2555 682 2624 placet¹
702 2559 849 2626 utramque
865 2555 907 2608 ira
919 2553 1029 2620 iactam,
1042 2569 1110 2624 quae
1128 2552 1201 2607 inter

178 2635 342 2691 voluntarias
355 2637 476 2690 actiones
485 2637 549 2704 jure
561 2638 664 2691 medias
675 2637 827 2706 posuerim:
847 2641 945 2694 neutra
958 2638 1030 2692 enim
1043 2625 1201 2692 voluntaria

177 2733 272 2776 revera
283 2723 333 2772 aut
350 2719 536 2774 involuntaria
552 2723 611 2774 est:
633 2721 682 2773 aed
702 2722 788 2775 altera
809 2720 920 2774 alteriue
938 2726 984 2774 est
1000 2721 1112 2790 imago:
1135 2735 1201 2776 nane

180 2797 233 2864 ille,
246 2801 294 2872 qni
303 2801 371 2868 iram
383 2805 481 2866 servat,
490 2819 542 2856 nec
553 2809 666 2882 repente
676 2801 814 2868 interficit,
828 2803 978 2856 homicidae
989 2803 1143 2858 voluntario
1160 2805 1203 2854 est

179 2881 343 2952 perelmllia:
365 2888 394 2936 at
409 2884 456 2952 qui
474 2885 578 2952 absque
596 2885 775 2937 meditatione
792 2886 880 2952 primo
891 2883 998 2950 impetu
1010 2883 1149 2948 interficit,
1159 2883 1201 2935 iu-

181 2965 337 3018 voluntario
347 2965 492 3024 homicidae
511 2967 605 3020 similis
613 2953 765 3036 judicatur,
777 2967 938 3018 nontamen
950 2965 1064 3016 omniuo
1074 2963 1202 3017 involun-

183 3044 270 3098 tariua
283 3045 349 3096 eutr
386 3045 434 3096 Ex
446 3061 501 3114 quc
513 3048 575 3099 icoc
586 3043 804 3100 Piccolomineui
820 3045 905 3114 capit
918 3048 960 3098 19.
973 3042 1087 3112 colligit,
1098 3042 1204 3098 Ariete-

182 3125 270 3180 telem
282 3139 346 3178 cum
357 3125 472 3178 Platone
483 3127 512 3178 in
523 3126 575 3178 hoc
587 3129 741 3192 convenire,
757 3131 843 3191 ntea,
861 3142 923 3196 quae
938 3128 1008 3204 liunt
1025 3125 1076 3191 ira,
1094 3125 1138 3181 rel
1150 3127 1204 3180 alia

182 3207 401 3282 perturbatione,
420 3223 474 3262 nou
493 3209 563 3262 liant
581 3209 685 3263 inrito:
708 3211 788 3263 abeo
807 3215 900 3266 tamen
919 3211 1035 3281 differre,
1046 3210 1112 3282 quia
1122 3211 1203 3266 Plato

180 3292 274 3368 iuquit
285 3306 319 3344 ea
330 3307 390 3344 eece
403 3291 503 3355 media,
514 3295 543 3343 et
555 3290 685 3344 nonnulla
702 3305 795 3344 eorum
808 3308 867 3346 ease
879 3293 979 3347 similia
987 3291 1120 3363 illie,quae
1131 3291 1203 3348 liunt

182 3371 287 3440 invitm
307 3373 361 3427 elic
372 3373 548 3426 verosimilia
566 3372 628 3437 illie,
644 3389 706 3444 quae
726 3373 796 3427 liunt
816 3379 929 3444 sponte:
944 3374 1113 3444 ¹Aristotelea
1135 3390 1202 3431 reru

178 3473 214 3512 ea
226 3470 280 3524 uon
295 3455 465 3524 distinguere
484 3455 608 3509 absolute
620 3455 729 3510 videtur
747 3473 781 3510 ea
799 3457 921 3526 redigere
933 3457 968 3510 ad
987 3474 1028 3522 ea,
1046 3475 1110 3529 quar
1129 3459 1201 3513 dunt

183 3543 292 3608 eponte.
327 3539 366 3592 Et
377 3537 468 3608 capite
481 3541 525 3592 20.
537 3539 576 3590 ita
587 3537 699 3603 ccribit;
723 3541 740 3604 ‘‚‘
752 3539 794 3592 Ut
804 3539 934 3592 resolutio
953 3539 1120 3595 difficultatis
1138 3536 1202 3594 red·
1299 3535 1308 3541 ’

183 3621 267 3675 datur
286 3623 443 3689 conspicua,
463 3623 519 3674 duc
540 3622 802 3690 accipienda·rnnt;
823 3622 945 3691 primum
965 3629 1016 3693 eat,
1034 3625 1109 3694 quod
1126 3621 1208 3684 aliud·

183 3701 377 3757 eatlrominem
390 3705 496 3766 iratum,
509 3717 600 3757 amore
612 3709 735 3774 captum,
753 3706 799 3760 rel
822 3706 875 3758 alia
894 3707 1100 3774 perturbatione
1121 3709 1203 3763 nilec-

186 3793 247 3844 tum
268 3801 350 3854 agere
370 3778 482 3855 aliquid,
501 3791 530 3840 et
550 3787 626 3858 aliud
646 3786 784 3842 hominem
805 3787 1204 3856 ριιίιιιιι,ιιιι1ιιιιιιιιιιι,ιι1
1246 3815 1248 3823 ι

184 3867 512 3937 nliamperturbetiouem
528 3869 634 3938 aliquid
653 3885 742 3937 agero.
779 3869 862 3924 Hanc
873 3865 1078 3930 distinctionem
1090 3872 1205 3926 deuota·
1310 3901 1315 3906 -

186 3953 228 4040 rit
237 3949 408 4014 nucereto,
421 3951 489 4004 dum
501 3951 621 4017 tradidit,
636 3949 713 4006 aliud
733 3968 794 4009 cece
808 3953 974 4008 inicientem
986 3970 1076 4022 agore,
1087 3956 1117 4005 et
1127 3950 1204 4004 aliud

186 4049 269 4102 egere
288 4043 336 4102 per
355 4033 508 4088 ἰιιιοίιιιιιι
532 4049 596 4088 nam
618 4033 800 4103 perlatione
821 4035 896 4094 aliud
915 4037 968 4091 erit
987 4034 1089 4090 iratum
1110 4043 1202 4096 nere,

188 4119 219 4173 Ἀ
234 4115 311 4174 *ΙΝ
328 4131 411 4186 13010
429 4131 481 4190 per
499 4118 576 4204 irum·
613 4117 789 4182 Ocnimilm
808 4119 1014 4176 memnonem
1034 4113 1096 4167 aliir
1113 4108 1203 4166 reriir
