<?xml version="1.0" encoding="UTF-8"?>
<!DOCTYPE html PUBLIC "-//W3C//DTD XHTML 1.0 Transitional//EN"
    "http://www.w3.org/TR/xhtml1/DTD/xhtml1-transitional.dtd">
<html xmlns="http://www.w3.org/1999/xhtml" xml:lang="en" lang="en">
 <head>
  <title>
</title>
<meta http-equiv="Content-Type" content="text/html;charset=utf-8" />
  <meta name='ocr-system' content='tesseract 3.04.00' />
  <meta name='ocr-capabilities' content='ocr_page ocr_carea ocr_par ocr_line ocrx_word'/>
</head>
<body>
  <div class='ocr_page' id='page_1' title='image "./indecemlibroset00riccgoog/indecemlibroset00riccgoog_0168.png"; bbox 0 0 2836 4812; ppageno 0'>
   <div class='ocr_carea' id='block_1_1' title="bbox 199 370 1152 506">
    <p class='ocr_par' dir='ltr' id='par_1_1' title="bbox 199 370 1152 506">
     <span class='ocr_line' id='line_1_1' title="bbox 199 370 1152 506; baseline 0 -30"><span class='ocrx_word' id='word_1_1' title='bbox 199 471 203 476; x_wconf 84' lang='lat'>.</span> <span class='ocrx_word' id='word_1_2' title='bbox 235 400 308 476; x_wconf 75' lang='lat' dir='ltr'><strong>¹ise</strong></span> <span class='ocrx_word' id='word_1_3' title='bbox 487 415 599 476; x_wconf 72' lang='lat' dir='ltr'><strong>snm</strong></span> <span class='ocrx_word' id='word_1_4' title='bbox 624 370 1034 506; x_wconf 21' lang='lat' dir='ltr'><strong>arco}‘corelli-suu.¹</strong></span> <span class='ocrx_word' id='word_1_5' title='bbox 1052 403 1076 416; x_wconf 86' lang='grc'><strong>’·</strong></span> <span class='ocrx_word' id='word_1_6' title='bbox 1151 413 1152 418; x_wconf 64' lang='lat'>‘</span> 
     </span>
    </p>
   </div>
   <div class='ocr_carea' id='block_1_2' title="bbox 207 515 1275 773">
    <p class='ocr_par' dir='ltr' id='par_1_2' title="bbox 207 515 1411 832">
     <span class='ocr_line' id='line_1_2' title="bbox 207 515 1275 608; baseline 0 -9"><span class='ocrx_word' id='word_1_7' title='bbox 207 593 211 599; x_wconf 95' lang='lat'>.</span> <span class='ocrx_word' id='word_1_8' title='bbox 257 539 405 606; x_wconf 74' lang='lat' dir='ltr'><strong>desumo,</strong></span> <span class='ocrx_word' id='word_1_9' title='bbox 425 541 555 595; x_wconf 88' lang='lat' dir='ltr'><strong>utomnia</strong></span> <span class='ocrx_word' id='word_1_10' title='bbox 575 539 726 592; x_wconf 86' lang='lat' dir='ltr'><strong>necessario</strong></span> <span class='ocrx_word' id='word_1_11' title='bbox 746 539 801 591; x_wconf 87' lang='lat' dir='ltr'><strong>sint</strong></span> <span class='ocrx_word' id='word_1_12' title='bbox 820 542 1056 608; x_wconf 68' lang='lat' dir='ltr'><strong>eventura‚¹quod</strong></span> <span class='ocrx_word' id='word_1_13' title='bbox 1077 556 1115 595; x_wconf 85' lang='lat' dir='ltr'><strong>ex</strong></span> <span class='ocrx_word' id='word_1_14' title='bbox 1133 515 1275 608; x_wconf 40' lang='lat' dir='ltr'><strong>veteribus*</strong></span> 
     </span>
     <span class='ocr_line' id='line_1_3' title="bbox 255 619 1269 689; baseline 0.004 -13"><span class='ocrx_word' id='word_1_15' title='bbox 255 623 336 678; x_wconf 81' lang='lat' dir='ltr'><strong>multi</strong></span> <span class='ocrx_word' id='word_1_16' title='bbox 345 623 524 686; x_wconf 86' lang='lat' dir='ltr'><strong>crediderunt,</strong></span> <span class='ocrx_word' id='word_1_17' title='bbox 533 624 617 688; x_wconf 86' lang='lat' dir='ltr'><strong>atque</strong></span> <span class='ocrx_word' id='word_1_18' title='bbox 623 619 695 673; x_wconf 87' lang='lat' dir='ltr'><strong>inter</strong></span> <span class='ocrx_word' id='word_1_19' title='bbox 702 623 807 674; x_wconf 86' lang='lat' dir='ltr'><strong>ceteros</strong></span> <span class='ocrx_word' id='word_1_20' title='bbox 814 620 900 674; x_wconf 78' lang='lat' dir='ltr'><strong>Stoici</strong></span> <span class='ocrx_word' id='word_1_21' title='bbox 910 620 958 689; x_wconf 89' lang='lat' dir='ltr'><strong>qui</strong></span> <span class='ocrx_word' id='word_1_22' title='bbox 967 637 1002 674; x_wconf 87' lang='lat' dir='ltr'><strong>ex</strong></span> <span class='ocrx_word' id='word_1_23' title='bbox 1009 623 1181 678; x_wconf 83' lang='lat' dir='ltr'><strong>connexione</strong></span> <span class='ocrx_word' id='word_1_24' title='bbox 1191 639 1269 680; x_wconf 64' lang='lat' dir='ltr'><strong>caus»</strong></span> 
     </span>
     <span class='ocr_line' id='line_1_4' title="bbox 256 701 1272 773; baseline 0.001 -12"><span class='ocrx_word' id='word_1_25' title='bbox 256 721 347 761; x_wconf 89' lang='lat' dir='ltr'><strong>sarum</strong></span> <span class='ocrx_word' id='word_1_26' title='bbox 359 703 546 758; x_wconf 85' lang='lat' dir='ltr'><strong>necessitatem</strong></span> <span class='ocrx_word' id='word_1_27' title='bbox 558 701 606 754; x_wconf 82' lang='lat' dir='ltr'><strong>tati</strong></span> <span class='ocrx_word' id='word_1_28' title='bbox 613 703 778 768; x_wconf 87' lang='lat' dir='ltr'><strong>nectebant;</strong></span> <span class='ocrx_word' id='word_1_29' title='bbox 791 719 826 757; x_wconf 81' lang='lat' dir='ltr'><strong>ex</strong></span> <span class='ocrx_word' id='word_1_30' title='bbox 837 719 892 772; x_wconf 92' lang='lat' dir='ltr'><strong>qua</strong></span> <span class='ocrx_word' id='word_1_31' title='bbox 901 703 1027 773; x_wconf 80' lang='lat' dir='ltr'><strong>opinione</strong></span> <span class='ocrx_word' id='word_1_32' title='bbox 1038 703 1144 759; x_wconf 90' lang='lat' dir='ltr'><strong>dictum</strong></span> <span class='ocrx_word' id='word_1_33' title='bbox 1152 709 1272 762; x_wconf 79' lang='lat' dir='ltr'><strong>estillud</strong></span> 
     </span>
    </p>
   </div>
   <div class='ocr_carea' id='block_1_3' title="bbox 253 783 1411 938">
    <p class='ocr_par' dir='ltr' id='par_1_3' title="bbox 253 783 1411 992">
     <span class='ocr_line' id='line_1_5' title="bbox 257 783 1411 864; baseline 0.001 -22"><span class='ocrx_word' id='word_1_34' title='bbox 257 789 329 860; x_wconf 90' lang='lat' dir='ltr'><strong>apud</strong></span> <span class='ocrx_word' id='word_1_35' title='bbox 350 787 508 838; x_wconf 85' lang='lat' dir='ltr'><strong>Ciceronem</strong></span> <span class='ocrx_word' id='word_1_36' title='bbox 528 783 575 836; x_wconf 91' lang='lat' dir='ltr'><strong>lib.</strong></span> <span class='ocrx_word' id='word_1_37' title='bbox 587 787 614 838; x_wconf 82' lang='lat'><strong>2.</strong></span> <span class='ocrx_word' id='word_1_38' title='bbox 632 785 667 838; x_wconf 89' lang='lat' dir='ltr'><strong>de</strong></span> <span class='ocrx_word' id='word_1_39' title='bbox 681 783 810 840; x_wconf 79' lang='lat' dir='ltr'><strong>&#39;Divinat</strong></span> <span class='ocrx_word' id='word_1_40' title='bbox 827 785 930 850; x_wconf 45' lang='lat' dir='ltr'><strong>‘&#39;Qnod</strong></span> <span class='ocrx_word' id='word_1_41' title='bbox 950 785 1152 856; x_wconf 81' lang='lat' dir='ltr'><strong>inseparatum</strong></span> <span class='ocrx_word' id='word_1_42' title='bbox 1171 791 1222 854; x_wconf 85' lang='lat' dir='ltr'><strong>est,</strong></span> <span class='ocrx_word' id='word_1_43' title='bbox 1242 789 1278 844; x_wconf 88' lang='lat' dir='ltr'><strong>id</strong></span> <span class='ocrx_word' id='word_1_44' title='bbox 1410 843 1411 864; x_wconf 43' lang='lat'><strong>,</strong></span> 
     </span>
     <span class='ocr_line' id='line_1_6' title="bbox 253 865 1294 938; baseline -0.001 -16"><span class='ocrx_word' id='word_1_45' title='bbox 253 869 389 922; x_wconf 80' lang='lat' dir='ltr'><strong>summum</strong></span> <span class='ocrx_word' id='word_1_46' title='bbox 401 869 549 932; x_wconf 78' lang='lat' dir='ltr'><strong>exsuperat</strong></span> <span class='ocrx_word' id='word_1_47' title='bbox 559 865 673 922; x_wconf 79' lang='lat' dir='ltr'><strong>Jovem:</strong></span> <span class='ocrx_word' id='word_1_48' title='bbox 692 868 740 919; x_wconf 88' lang='lat' dir='ltr'><strong>ant</strong></span> <span class='ocrx_word' id='word_1_49' title='bbox 756 867 985 934; x_wconf 64' lang='lat' dir='ltr'><strong>deprecemini</strong></span> <span class='ocrx_word' id='word_1_50' title='bbox 1003 867 1070 938; x_wconf 82' lang='lat' dir='ltr'><strong>illud</strong></span> <span class='ocrx_word' id='word_1_51' title='bbox 1080 869 1128 938; x_wconf 79' lang='lat' dir='ltr'><strong>&#39;sit</strong></span> <span class='ocrx_word' id='word_1_52' title='bbox 1145 883 1294 922; x_wconf 85' lang='lat' dir='ltr'><strong>necessa··</strong></span> 
     </span>
    </p>
   </div>
   <div class='ocr_carea' id='block_1_4' title="bbox 140 946 1271 1018">
    <p class='ocr_par' dir='ltr' id='par_1_4' title="bbox 140 946 1271 1018">
     <span class='ocr_line' id='line_1_7' title="bbox 140 946 1271 1018; baseline 0.004 -20"><span class='ocrx_word' id='word_1_53' title='bbox 140 987 156 998; x_wconf 22' lang='grc' dir='ltr'><strong>,Δ</strong></span> <span class='ocrx_word' id='word_1_54' title='bbox 251 951 332 1012; x_wconf 77' lang='lat' dir='ltr'><strong>rium,</strong></span> <span class='ocrx_word' id='word_1_55' title='bbox 350 947 424 1015; x_wconf 91' lang='lat' dir='ltr'><strong>quod</strong></span> <span class='ocrx_word' id='word_1_56' title='bbox 446 949 489 1002; x_wconf 86' lang='lat' dir='ltr'><strong>est</strong></span> <span class='ocrx_word' id='word_1_57' title='bbox 509 946 692 1014; x_wconf 80' lang='lat' dir='ltr'><strong>immutabile,</strong></span> <span class='ocrx_word' id='word_1_58' title='bbox 706 947 836 1018; x_wconf 87' lang='lat' dir='ltr'><strong>quodque</strong></span> <span class='ocrx_word' id='word_1_59' title='bbox 852 949 908 1001; x_wconf 86' lang='lat' dir='ltr'><strong>fieri</strong></span> <span class='ocrx_word' id='word_1_60' title='bbox 923 963 977 1000; x_wconf 89' lang='lat' dir='ltr'><strong>non</strong></span> <span class='ocrx_word' id='word_1_61' title='bbox 991 948 1271 1016; x_wconf 73' lang='lat' dir='ltr'><strong>potest,ut&#39;aliter¹se</strong></span> 
     </span>
    </p>
   </div>
   <div class='ocr_carea' id='block_1_5' title="bbox 175 1027 1270 1508">
    <p class='ocr_par' dir='ltr' id='par_1_5' title="bbox 243 1027 1270 1260">
     <span class='ocr_line' id='line_1_8' title="bbox 243 1027 1270 1100; baseline 0.003 -20"><span class='ocrx_word' id='word_1_62' title='bbox 243 1028 356 1080; x_wconf 55' lang='lat' dir='ltr'><strong>,ltabeat</strong></span> <span class='ocrx_word' id='word_1_63' title='bbox 368 1027 432 1080; x_wconf 83' lang='lat' dir='ltr'><strong>dam</strong></span> <span class='ocrx_word' id='word_1_64' title='bbox 441 1027 606 1080; x_wconf 78' lang='lat' dir='ltr'><strong>neccessitas</strong></span> <span class='ocrx_word' id='word_1_65' title='bbox 616 1029 650 1082; x_wconf 89' lang='lat' dir='ltr'><strong>de</strong></span> <span class='ocrx_word' id='word_1_66' title='bbox 661 1027 807 1100; x_wconf 86' lang='lat' dir='ltr'><strong>praeterito,</strong></span> <span class='ocrx_word' id='word_1_67' title='bbox 815 1031 844 1081; x_wconf 88' lang='lat' dir='ltr'><strong>et</strong></span> <span class='ocrx_word' id='word_1_68' title='bbox 855 1029 889 1080; x_wconf 92' lang='lat' dir='ltr'><strong>de</strong></span> <span class='ocrx_word' id='word_1_69' title='bbox 898 1027 991 1081; x_wconf 84' lang='lat' dir='ltr'><strong>futuro</strong></span> <span class='ocrx_word' id='word_1_70' title='bbox 999 1029 1070 1082; x_wconf 88' lang='lat' dir='ltr'><strong>tollit</strong></span> <span class='ocrx_word' id='word_1_71' title='bbox 1079 1030 1270 1096; x_wconf 83' lang='lat' dir='ltr'><strong>aeterrtitatent,</strong></span> 
     </span>
     <span class='ocr_line' id='line_1_9' title="bbox 249 1105 1269 1178; baseline 0.004 -17"><span class='ocrx_word' id='word_1_72' title='bbox 249 1119 312 1161; x_wconf 86' lang='lat' dir='ltr'><strong>cum</strong></span> <span class='ocrx_word' id='word_1_73' title='bbox 329 1106 492 1177; x_wconf 90' lang='lat' dir='ltr'><strong>principium</strong></span> <span class='ocrx_word' id='word_1_74' title='bbox 505 1111 549 1162; x_wconf 86' lang='lat' dir='ltr'><strong>vel</strong></span> <span class='ocrx_word' id='word_1_75' title='bbox 562 1105 644 1162; x_wconf 85' lang='lat' dir='ltr'><strong>tinem</strong></span> <span class='ocrx_word' id='word_1_76' title='bbox 663 1109 795 1163; x_wconf 89' lang='lat' dir='ltr'><strong>includat.</strong></span> <span class='ocrx_word' id='word_1_77' title='bbox 809 1119 814 1128; x_wconf 89' lang='lat'>&#39;</span> <span class='ocrx_word' id='word_1_78' title='bbox 830 1110 990 1171; x_wconf 81' lang='lat' dir='ltr'><strong>Necessitas</strong></span> <span class='ocrx_word' id='word_1_79' title='bbox 1006 1127 1071 1164; x_wconf 77' lang='lat' dir='ltr'><strong>uero</strong></span> <span class='ocrx_word' id='word_1_80' title='bbox 1092 1107 1269 1178; x_wconf 73' lang='lat' dir='ltr'><strong>depromenti</strong></span> 
     </span>
     <span class='ocr_line' id='line_1_10' title="bbox 245 1189 1265 1260; baseline 0.005 -18"><span class='ocrx_word' id='word_1_81' title='bbox 245 1189 393 1258; x_wconf 81' lang='lat' dir='ltr'><strong>dupliciter</strong></span> <span class='ocrx_word' id='word_1_82' title='bbox 404 1191 606 1256; x_wconf 86' lang='lat' dir='ltr'><strong>consideratur;</strong></span> <span class='ocrx_word' id='word_1_83' title='bbox 622 1196 677 1245; x_wconf 76' lang='lat' dir='ltr'><strong>aut</strong></span> <span class='ocrx_word' id='word_1_84' title='bbox 693 1195 830 1260; x_wconf 83' lang='lat' dir='ltr'><strong>quatenus</strong></span> <span class='ocrx_word' id='word_1_85' title='bbox 849 1193 990 1260; x_wconf 76' lang='lat' dir='ltr'><strong>significat·</strong></span> <span class='ocrx_word' id='word_1_86' title='bbox 1009 1195 1189 1250; x_wconf 81' lang='lat' dir='ltr'><strong>necessariam</strong></span> <span class='ocrx_word' id='word_1_87' title='bbox 1201 1207 1265 1247; x_wconf 88' lang='lat' dir='ltr'><strong>corr·</strong></span> 
     </span>
    </p>

    <p class='ocr_par' dir='ltr' id='par_1_6' title="bbox 175 1269 1263 1508">
     <span class='ocr_line' id='line_1_11' title="bbox 208 1269 1263 1346; baseline 0.001 -20"><span class='ocrx_word' id='word_1_88' title='bbox 208 1308 215 1314; x_wconf 94' lang='lat'>-</span> <span class='ocrx_word' id='word_1_89' title='bbox 244 1269 418 1342; x_wconf 79' lang='lat' dir='ltr'><strong>&#39;junctionem</strong></span> <span class='ocrx_word' id='word_1_90' title='bbox 429 1274 573 1342; x_wconf 73' lang='lat' dir='ltr'><strong>praedicati</strong></span> <span class='ocrx_word' id='word_1_91' title='bbox 584 1289 646 1326; x_wconf 90' lang='lat' dir='ltr'><strong>cum</strong></span> <span class='ocrx_word' id='word_1_92' title='bbox 658 1274 793 1343; x_wconf 83' lang='lat' dir='ltr'><strong>subjecto,</strong></span> <span class='ocrx_word' id='word_1_93' title='bbox 802 1278 835 1328; x_wconf 92' lang='lat' dir='ltr'><strong>ut</strong></span> <span class='ocrx_word' id='word_1_94' title='bbox 844 1274 952 1343; x_wconf 84' lang='lat' dir='ltr'><strong>eclipsis</strong></span> <span class='ocrx_word' id='word_1_95' title='bbox 960 1275 1033 1328; x_wconf 84' lang='lat' dir='ltr'><strong>lunae</strong></span> <span class='ocrx_word' id='word_1_96' title='bbox 1045 1279 1086 1328; x_wconf 86' lang='lat' dir='ltr'><strong>est</strong></span> <span class='ocrx_word' id='word_1_97' title='bbox 1097 1273 1263 1346; x_wconf 72' lang='lat' dir='ltr'><strong>interpositio</strong></span> 
     </span>
     <span class='ocr_line' id='line_1_12' title="bbox 175 1349 1262 1426; baseline 0.004 -18"><span class='ocrx_word' id='word_1_98' title='bbox 175 1349 180 1356; x_wconf 81' lang='grc'><em>“</em></span> <span class='ocrx_word' id='word_1_99' title='bbox 244 1353 327 1410; x_wconf 76' lang='lat' dir='ltr'><strong>&#39;terrm</strong></span> <span class='ocrx_word' id='word_1_100' title='bbox 338 1357 411 1411; x_wconf 89' lang='lat' dir='ltr'><strong>iuter</strong></span> <span class='ocrx_word' id='word_1_101' title='bbox 421 1359 525 1424; x_wconf 89' lang='lat' dir='ltr'><strong>lunam,</strong></span> <span class='ocrx_word' id='word_1_102' title='bbox 538 1359 566 1409; x_wconf 88' lang='lat' dir='ltr'><strong>et</strong></span> <span class='ocrx_word' id='word_1_103' title='bbox 576 1357 662 1410; x_wconf 88' lang='lat' dir='ltr'><strong>solem</strong></span> <span class='ocrx_word' id='word_1_104' title='bbox 673 1357 709 1409; x_wconf 89' lang='lat' dir='ltr'><strong>ad</strong></span> <span class='ocrx_word' id='word_1_105' title='bbox 718 1355 833 1410; x_wconf 85' lang='lat' dir='ltr'><strong>lineam:</strong></span> <span class='ocrx_word' id='word_1_106' title='bbox 854 1360 902 1410; x_wconf 84' lang='lat' dir='ltr'><strong>aut</strong></span> <span class='ocrx_word' id='word_1_107' title='bbox 914 1359 1049 1426; x_wconf 88' lang='lat' dir='ltr'><strong>quatenns</strong></span> <span class='ocrx_word' id='word_1_108' title='bbox 1061 1357 1173 1410; x_wconf 87' lang='lat' dir='ltr'><strong>denotat</strong></span> <span class='ocrx_word' id='word_1_109' title='bbox 1183 1363 1262 1416; x_wconf 89' lang='lat' dir='ltr'><strong>natu·</strong></span> 
     </span>
     <span class='ocr_line' id='line_1_13' title="bbox 214 1435 1261 1508; baseline 0 -16"><span class='ocrx_word' id='word_1_110' title='bbox 214 1493 217 1500; x_wconf 83' lang='grc'><em>,</em></span> <span class='ocrx_word' id='word_1_111' title='bbox 242 1435 307 1492; x_wconf 65' lang='lat' dir='ltr'><strong>‘ram</strong></span> <span class='ocrx_word' id='word_1_112' title='bbox 317 1439 516 1495; x_wconf 82' lang='lat' dir='ltr'><strong>immutabilem</strong></span> <span class='ocrx_word' id='word_1_113' title='bbox 529 1439 586 1492; x_wconf 89' lang='lat' dir='ltr'><strong>sine</strong></span> <span class='ocrx_word' id='word_1_114' title='bbox 597 1439 840 1508; x_wconf 69' lang='lat' dir='ltr'><strong>principio,fmedio</strong></span> <span class='ocrx_word' id='word_1_115' title='bbox 851 1442 881 1492; x_wconf 93' lang='lat' dir='ltr'><strong>et</strong></span> <span class='ocrx_word' id='word_1_116' title='bbox 892 1439 1261 1507; x_wconf 80' lang='lat' dir='ltr'><strong>nne,oujusmodiest1)eus‚</strong></span> 
     </span>
    </p>
   </div>
   <div class='ocr_carea' id='block_1_6' title="bbox 136 1511 1263 1672">
    <p class='ocr_par' dir='ltr' id='par_1_7' title="bbox 136 1511 1263 1672">
     <span class='ocr_line' id='line_1_14' title="bbox 142 1511 1263 1604; baseline -0.004 -26"><span class='ocrx_word' id='word_1_117' title='bbox 142 1573 151 1578; x_wconf 85' lang='lat'><strong>-</strong></span> <span class='ocrx_word' id='word_1_118' title='bbox 243 1525 316 1604; x_wconf 64' lang='lat' dir='ltr'><strong>etex</strong></span> <span class='ocrx_word' id='word_1_119' title='bbox 326 1517 621 1578; x_wconf 79' lang='lat' dir='ltr'><strong>sentcntiaAristotelis</strong></span> <span class='ocrx_word' id='word_1_120' title='bbox 630 1520 712 1572; x_wconf 87' lang='lat' dir='ltr'><strong>ctiam</strong></span> <span class='ocrx_word' id='word_1_121' title='bbox 721 1511 850 1573; x_wconf 83' lang='lat' dir='ltr'><strong>muudus.</strong></span> <span class='ocrx_word' id='word_1_122' title='bbox 860 1521 923 1574; x_wconf 85' lang='lat' dir='ltr'><strong>Jam</strong></span> <span class='ocrx_word' id='word_1_123' title='bbox 931 1522 1079 1574; x_wconf 82' lang='lat' dir='ltr'><strong>necessitas</strong></span> <span class='ocrx_word' id='word_1_124' title='bbox 1087 1521 1263 1591; x_wconf 78' lang='lat' dir='ltr'><strong>primamndo</strong></span> 
     </span>
     <span class='ocr_line' id='line_1_15' title="bbox 136 1599 1262 1672; baseline -0.004 -10"><span class='ocrx_word' id='word_1_125' title='bbox 136 1653 140 1662; x_wconf 93' lang='lat'>.</span> <span class='ocrx_word' id='word_1_126' title='bbox 246 1605 418 1658; x_wconf 88' lang='lat' dir='ltr'><strong>considerata</strong></span> <span class='ocrx_word' id='word_1_127' title='bbox 429 1604 509 1656; x_wconf 89' lang='lat' dir='ltr'><strong>efficit</strong></span> <span class='ocrx_word' id='word_1_128' title='bbox 518 1601 699 1656; x_wconf 86' lang='lat' dir='ltr'><strong>aeternitatem</strong></span> <span class='ocrx_word' id='word_1_129' title='bbox 712 1601 765 1670; x_wconf 89' lang='lat' dir='ltr'><strong>per&#39;</strong></span> <span class='ocrx_word' id='word_1_130' title='bbox 771 1601 978 1657; x_wconf 86' lang='lat' dir='ltr'><strong>similitudinem</strong></span> <span class='ocrx_word' id='word_1_131' title='bbox 988 1605 1137 1672; x_wconf 84' lang='lat' dir='ltr'><strong>quandam,</strong></span> <span class='ocrx_word' id='word_1_132' title='bbox 1147 1609 1180 1658; x_wconf 91' lang='lat' dir='ltr'><strong>ut</strong></span> <span class='ocrx_word' id='word_1_133' title='bbox 1192 1599 1262 1658; x_wconf 79' lang='lat' dir='ltr'><strong>insi</strong></span> 
     </span>
    </p>
   </div>
   <div class='ocr_carea' id='block_1_7' title="bbox 245 1677 1306 1836">
    <p class='ocr_par' dir='ltr' id='par_1_8' title="bbox 245 1677 1306 1836">
     <span class='ocr_line' id='line_1_16' title="bbox 245 1677 1301 1755; baseline 0 -17"><span class='ocrx_word' id='word_1_134' title='bbox 245 1687 412 1751; x_wconf 82' lang='lat' dir='ltr'><strong>intelligatur</strong></span> <span class='ocrx_word' id='word_1_135' title='bbox 421 1690 562 1750; x_wconf 81' lang='lat' dir='ltr'><strong>aeternum,</strong></span> <span class='ocrx_word' id='word_1_136' title='bbox 572 1683 646 1753; x_wconf 75' lang='lat' dir='ltr'><strong>quod</strong></span> <span class='ocrx_word' id='word_1_137' title='bbox 654 1687 696 1736; x_wconf 81' lang='lat' dir='ltr'><strong>est</strong></span> <span class='ocrx_word' id='word_1_138' title='bbox 705 1689 877 1752; x_wconf 86' lang='lat' dir='ltr'><strong>perpetuum,</strong></span> <span class='ocrx_word' id='word_1_139' title='bbox 886 1689 1055 1755; x_wconf 87' lang='lat' dir='ltr'><strong>etperpetuo</strong></span> <span class='ocrx_word' id='word_1_140' title='bbox 1063 1679 1166 1751; x_wconf 80' lang='lat' dir='ltr'><strong>verum,</strong></span> <span class='ocrx_word' id='word_1_141' title='bbox 1177 1677 1257 1755; x_wconf 71' lang='lat' dir='ltr'><strong>quale</strong></span> <span class='ocrx_word' id='word_1_142' title='bbox 1298 1683 1301 1688; x_wconf 64' lang='lat'>‘</span> 
     </span>
     <span class='ocr_line' id='line_1_17' title="bbox 245 1766 1306 1836; baseline 0.003 -17"><span class='ocrx_word' id='word_1_143' title='bbox 245 1767 371 1820; x_wconf 86' lang='lat' dir='ltr'><strong>nimirum</strong></span> <span class='ocrx_word' id='word_1_144' title='bbox 390 1770 526 1836; x_wconf 86' lang='lat' dir='ltr'><strong>spectatur</strong></span> <span class='ocrx_word' id='word_1_145' title='bbox 543 1767 571 1818; x_wconf 93' lang='lat' dir='ltr'><strong>in</strong></span> <span class='ocrx_word' id='word_1_146' title='bbox 598 1766 829 1818; x_wconf 79' lang='lat' dir='ltr'><strong>demonstratione</strong></span> <span class='ocrx_word' id='word_1_147' title='bbox 848 1767 979 1821; x_wconf 85' lang='lat' dir='ltr'><strong>scientiae.</strong></span> <span class='ocrx_word' id='word_1_148' title='bbox 1019 1769 1148 1822; x_wconf 87' lang='lat' dir='ltr'><strong>Secundo</strong></span> <span class='ocrx_word' id='word_1_149' title='bbox 1166 1771 1259 1822; x_wconf 83' lang='lat' dir='ltr'><strong>autem</strong></span> <span class='ocrx_word' id='word_1_150' title='bbox 1291 1769 1306 1835; x_wconf 34' lang='grc'><strong>’-</strong></span> 
     </span>
    </p>
   </div>
   <div class='ocr_carea' id='block_1_8' title="bbox 23 1837 1259 1918">
    <p class='ocr_par' dir='ltr' id='par_1_9' title="bbox 23 1837 1259 1918">
     <span class='ocr_line' id='line_1_18' title="bbox 23 1837 1259 1918; baseline -0.002 -16"><span class='ocrx_word' id='word_1_151' title='bbox 23 1837 25 1842; x_wconf 44' lang='lat'><strong>¹</strong></span> <span class='ocrx_word' id='word_1_152' title='bbox 132 1879 136 1884; x_wconf 92' lang='lat'>·</span> <span class='ocrx_word' id='word_1_153' title='bbox 241 1847 326 1904; x_wconf 80' lang='lat' dir='ltr'><strong>modo</strong></span> <span class='ocrx_word' id='word_1_154' title='bbox 338 1849 419 1901; x_wconf 89' lang='lat' dir='ltr'><strong>efficit</strong></span> <span class='ocrx_word' id='word_1_155' title='bbox 431 1847 611 1900; x_wconf 84' lang='lat' dir='ltr'><strong>aetcruitatem</strong></span> <span class='ocrx_word' id='word_1_156' title='bbox 623 1845 731 1916; x_wconf 84' lang='lat' dir='ltr'><strong>proprie</strong></span> <span class='ocrx_word' id='word_1_157' title='bbox 745 1852 935 1917; x_wconf 51' lang='lat' dir='ltr'><strong>¹nuncupatam</strong></span> <span class='ocrx_word' id='word_1_158' title='bbox 943 1869 950 1914; x_wconf 92' lang='lat'>;</span> <span class='ocrx_word' id='word_1_159' title='bbox 970 1850 1046 1916; x_wconf 85' lang='lat' dir='ltr'><strong>unde&#39;</strong></span> <span class='ocrx_word' id='word_1_160' title='bbox 1057 1841 1112 1904; x_wconf 91' lang='lat' dir='ltr'><strong>duo</strong></span> <span class='ocrx_word' id='word_1_161' title='bbox 1132 1851 1259 1918; x_wconf 66' lang='lat' dir='ltr'><strong>colligere</strong></span> 
     </span>
    </p>
   </div>
   <div class='ocr_carea' id='block_1_9' title="bbox 214 1929 1411 2982">
    <p class='ocr_par' dir='ltr' id='par_1_10' title="bbox 214 1929 1261 2164">
     <span class='ocr_line' id='line_1_19' title="bbox 214 1929 1261 1998; baseline 0.004 -16"><span class='ocrx_word' id='word_1_162' title='bbox 214 1965 215 1970; x_wconf 20' lang='grc' dir='ltr'><strong>κ</strong></span> <span class='ocrx_word' id='word_1_163' title='bbox 241 1929 394 1993; x_wconf 88' lang='lat' dir='ltr'><strong>&#39;debemus;</strong></span> <span class='ocrx_word' id='word_1_164' title='bbox 408 1931 476 1982; x_wconf 90' lang='lat' dir='ltr'><strong>&#39;Non</strong></span> <span class='ocrx_word' id='word_1_165' title='bbox 496 1944 586 1994; x_wconf 85' lang='lat' dir='ltr'><strong>omne,</strong></span> <span class='ocrx_word' id='word_1_166' title='bbox 609 1931 683 1998; x_wconf 86' lang='lat' dir='ltr'><strong>quod</strong></span> <span class='ocrx_word' id='word_1_167' title='bbox 702 1929 753 1982; x_wconf 90' lang='lat' dir='ltr'><strong>sub</strong></span> <span class='ocrx_word' id='word_1_168' title='bbox 776 1930 918 1983; x_wconf 86' lang='lat' dir='ltr'><strong>scientiam</strong></span> <span class='ocrx_word' id='word_1_169' title='bbox 938 1931 1020 1996; x_wconf 83' lang='lat' dir='ltr'><strong>cadit,</strong></span> <span class='ocrx_word' id='word_1_170' title='bbox 1041 1949 1101 1984; x_wconf 89' lang='lat' dir='ltr'><strong>esse</strong></span> <span class='ocrx_word' id='word_1_171' title='bbox 1125 1935 1261 1986; x_wconf 79' lang='lat' dir='ltr'><strong>aeternnm</strong></span> 
     </span>
     <span class='ocr_line' id='line_1_20' title="bbox 245 2011 1260 2080; baseline 0.002 -16"><span class='ocrx_word' id='word_1_172' title='bbox 245 2013 397 2065; x_wconf 76' lang='lat' dir='ltr'><strong>aeternitate</strong></span> <span class='ocrx_word' id='word_1_173' title='bbox 410 2011 537 2080; x_wconf 87' lang='lat' dir='ltr'><strong>propria:</strong></span> <span class='ocrx_word' id='word_1_174' title='bbox 551 2011 599 2064; x_wconf 89' lang='lat' dir='ltr'><strong>sed</strong></span> <span class='ocrx_word' id='word_1_175' title='bbox 608 2027 688 2064; x_wconf 90' lang='lat' dir='ltr'><strong>omne</strong></span> <span class='ocrx_word' id='word_1_176' title='bbox 701 2011 774 2080; x_wconf 88' lang='lat' dir='ltr'><strong>quod</strong></span> <span class='ocrx_word' id='word_1_177' title='bbox 787 2013 839 2064; x_wconf 92' lang='lat' dir='ltr'><strong>sub</strong></span> <span class='ocrx_word' id='word_1_178' title='bbox 850 2013 992 2066; x_wconf 89' lang='lat' dir='ltr'><strong>scientiam</strong></span> <span class='ocrx_word' id='word_1_179' title='bbox 1004 2011 1167 2078; x_wconf 63' lang='lat' dir='ltr'><strong>cadit-&#39;essa</strong></span> <span class='ocrx_word' id='word_1_180' title='bbox 1181 2018 1260 2066; x_wconf 82' lang='lat' dir='ltr'><strong>aeter-</strong></span> 
     </span>
     <span class='ocr_line' id='line_1_21' title="bbox 238 2086 1165 2164; baseline -0.001 -17"><span class='ocrx_word' id='word_1_181' title='bbox 238 2086 309 2147; x_wconf 72' lang='lat' dir='ltr'><strong>&#39;num</strong></span> <span class='ocrx_word' id='word_1_182' title='bbox 322 2095 475 2147; x_wconf 77' lang='lat' dir='ltr'><strong>aeternitate</strong></span> <span class='ocrx_word' id='word_1_183' title='bbox 485 2095 532 2163; x_wconf 82' lang='lat' dir='ltr'><strong>pcr&#39;</strong></span> <span class='ocrx_word' id='word_1_184' title='bbox 542 2093 760 2156; x_wconf 86' lang='lat' dir='ltr'><strong>similitudinem,</strong></span> <span class='ocrx_word' id='word_1_185' title='bbox 770 2096 843 2162; x_wconf 90' lang='lat' dir='ltr'><strong>quod</strong></span> <span class='ocrx_word' id='word_1_186' title='bbox 854 2094 898 2147; x_wconf 83' lang='lat' dir='ltr'><strong>alii</strong></span> <span class='ocrx_word' id='word_1_187' title='bbox 910 2111 1019 2164; x_wconf 90' lang='lat' dir='ltr'><strong>quoqne</strong></span> <span class='ocrx_word' id='word_1_188' title='bbox 1028 2097 1165 2147; x_wconf 85' lang='lat' dir='ltr'><strong>notarunt.</strong></span> 
     </span>
    </p>

    <p class='ocr_par' dir='ltr' id='par_1_11' title="bbox 236 2167 1411 2982">
     <span class='ocr_line' id='line_1_22' title="bbox 277 2167 1256 2250; baseline 0.002 -22"><span class='ocrx_word' id='word_1_189' title='bbox 277 2171 643 2250; x_wconf 40' lang='lat' dir='ltr'><strong>Tertioldeclarat&#39;originem</strong></span> <span class='ocrx_word' id='word_1_190' title='bbox 657 2175 791 2242; x_wconf 77' lang='lat' dir='ltr'><strong>scientiae,</strong></span> <span class='ocrx_word' id='word_1_191' title='bbox 802 2167 865 2244; x_wconf 73' lang='lat' dir='ltr'><strong>unae</strong></span> <span class='ocrx_word' id='word_1_192' title='bbox 878 2177 953 2246; x_wconf 74' lang='lat' dir='ltr'><strong>origo</strong></span> <span class='ocrx_word' id='word_1_193' title='bbox 965 2181 1006 2229; x_wconf 89' lang='lat' dir='ltr'><strong>est</strong></span> <span class='ocrx_word' id='word_1_194' title='bbox 1018 2176 1150 2241; x_wconf 82' lang='lat' dir='ltr'><strong>doctrina,</strong></span> <span class='ocrx_word' id='word_1_195' title='bbox 1160 2175 1256 2230; x_wconf 64' lang='lat' dir='ltr'><strong>erote</strong></span> 
     </span>
     <span class='ocr_line' id='line_1_23' title="bbox 242 2257 1324 2332; baseline 0.005 -21"><span class='ocrx_word' id='word_1_196' title='bbox 242 2257 359 2327; x_wconf 90' lang='lat' dir='ltr'><strong>ciplina:</strong></span> <span class='ocrx_word' id='word_1_197' title='bbox 374 2257 498 2312; x_wconf 89' lang='lat' dir='ltr'><strong>docendo</strong></span> <span class='ocrx_word' id='word_1_198' title='bbox 511 2259 583 2310; x_wconf 86' lang='lat' dir='ltr'><strong>enim</strong></span> <span class='ocrx_word' id='word_1_199' title='bbox 596 2257 721 2322; x_wconf 88' lang='lat' dir='ltr'><strong>traditur,</strong></span> <span class='ocrx_word' id='word_1_200' title='bbox 734 2263 764 2310; x_wconf 90' lang='lat' dir='ltr'><strong>et</strong></span> <span class='ocrx_word' id='word_1_201' title='bbox 775 2259 905 2312; x_wconf 89' lang='lat' dir='ltr'><strong>discendo</strong></span> <span class='ocrx_word' id='word_1_202' title='bbox 918 2263 1101 2326; x_wconf 84' lang='lat' dir='ltr'><strong>comparatur.</strong></span> <span class='ocrx_word' id='word_1_203' title='bbox 1318 2329 1324 2332; x_wconf 38' lang='grc'>-</span> 
     </span>
     <span class='ocr_line' id='line_1_24' title="bbox 277 2331 1411 2412; baseline -0.001 -20"><span class='ocrx_word' id='word_1_204' title='bbox 277 2339 382 2403; x_wconf 85' lang='lat' dir='ltr'><strong>Quarto</strong></span> <span class='ocrx_word' id='word_1_205' title='bbox 392 2331 516 2407; x_wconf 53' lang='lat' dir='ltr'><strong>&#39;explicat</strong></span> <span class='ocrx_word' id='word_1_206' title='bbox 527 2339 680 2392; x_wconf 85' lang='lat' dir='ltr'><strong>iirnsitateni</strong></span> <span class='ocrx_word' id='word_1_207' title='bbox 689 2339 824 2405; x_wconf 85' lang='lat' dir='ltr'><strong>scientiae,</strong></span> <span class='ocrx_word' id='word_1_208' title='bbox 837 2355 899 2409; x_wconf 87' lang='lat' dir='ltr'><strong>quae</strong></span> <span class='ocrx_word' id='word_1_209' title='bbox 910 2344 986 2393; x_wconf 87' lang='lat' dir='ltr'><strong>certa</strong></span> <span class='ocrx_word' id='word_1_210' title='bbox 998 2345 1049 2404; x_wconf 89' lang='lat' dir='ltr'><strong>est,</strong></span> <span class='ocrx_word' id='word_1_211' title='bbox 1067 2339 1134 2409; x_wconf 86' lang='lat' dir='ltr'><strong>quia</strong></span> <span class='ocrx_word' id='word_1_212' title='bbox 1144 2355 1178 2392; x_wconf 83' lang='lat' dir='ltr'><strong>ex</strong></span> <span class='ocrx_word' id='word_1_213' title='bbox 1191 2345 1253 2392; x_wconf 89' lang='lat' dir='ltr'><strong>ante</strong></span> <span class='ocrx_word' id='word_1_214' title='bbox 1410 2395 1411 2412; x_wconf 14' lang='grc' dir='ltr'><strong>χ</strong></span> 
     </span>
     <span class='ocr_line' id='line_1_25' title="bbox 240 2415 1263 2492; baseline -0.001 -17"><span class='ocrx_word' id='word_1_215' title='bbox 240 2422 356 2489; x_wconf 71' lang='lat' dir='ltr'><strong>cognitis</strong></span> <span class='ocrx_word' id='word_1_216' title='bbox 370 2423 479 2492; x_wconf 64' lang='lat' dir='ltr'><strong>calatin</strong></span> <span class='ocrx_word' id='word_1_217' title='bbox 495 2422 657 2490; x_wconf 87' lang='lat' dir='ltr'><strong>duobusque</strong></span> <span class='ocrx_word' id='word_1_218' title='bbox 667 2415 854 2476; x_wconf 71' lang='lat' dir='ltr'><strong>instrumentis</strong></span> <span class='ocrx_word' id='word_1_219' title='bbox 863 2423 958 2486; x_wconf 85' lang='lat' dir='ltr'><strong>utitur,</strong></span> <span class='ocrx_word' id='word_1_220' title='bbox 970 2417 1130 2474; x_wconf 83' lang='lat' dir='ltr'><strong>inductione</strong></span> <span class='ocrx_word' id='word_1_221' title='bbox 1139 2427 1168 2476; x_wconf 86' lang='lat' dir='ltr'><strong>et</strong></span> <span class='ocrx_word' id='word_1_222' title='bbox 1177 2421 1263 2490; x_wconf 56' lang='lat' dir='ltr'><strong>syllos</strong></span> 
     </span>
     <span class='ocr_line' id='line_1_26' title="bbox 239 2503 1256 2574; baseline 0.002 -19"><span class='ocrx_word' id='word_1_223' title='bbox 239 2503 336 2571; x_wconf 68' lang='lat' dir='ltr'><strong>gismo.</strong></span> <span class='ocrx_word' id='word_1_224' title='bbox 371 2504 414 2554; x_wconf 87' lang='lat' dir='ltr'><strong>Ac</strong></span> <span class='ocrx_word' id='word_1_225' title='bbox 424 2503 548 2556; x_wconf 83' lang='lat' dir='ltr'><strong>inductio</strong></span> <span class='ocrx_word' id='word_1_226' title='bbox 558 2505 670 2572; x_wconf 85' lang='lat' dir='ltr'><strong>quidem</strong></span> <span class='ocrx_word' id='word_1_227' title='bbox 681 2509 722 2556; x_wconf 77' lang='lat' dir='ltr'><strong>est</strong></span> <span class='ocrx_word' id='word_1_228' title='bbox 733 2505 895 2574; x_wconf 89' lang='lat' dir='ltr'><strong>principium</strong></span> <span class='ocrx_word' id='word_1_229' title='bbox 914 2505 948 2556; x_wconf 86' lang='lat' dir='ltr'><strong>ad</strong></span> <span class='ocrx_word' id='word_1_230' title='bbox 961 2505 1133 2572; x_wconf 86' lang='lat' dir='ltr'><strong>probandum</strong></span> <span class='ocrx_word' id='word_1_231' title='bbox 1149 2503 1256 2558; x_wconf 53' lang='lat' dir='ltr'><strong>unirer-¹</strong></span> 
     </span>
     <span class='ocr_line' id='line_1_27' title="bbox 240 2585 1256 2662; baseline 0.001 -25"><span class='ocrx_word' id='word_1_232' title='bbox 240 2585 304 2637; x_wconf 88' lang='lat' dir='ltr'><strong>sale.</strong></span> <span class='ocrx_word' id='word_1_233' title='bbox 341 2585 518 2652; x_wconf 77' lang='lat' dir='ltr'><strong>syllogismus</strong></span> <span class='ocrx_word' id='word_1_234' title='bbox 529 2601 595 2662; x_wconf 34' lang='lat' dir='ltr'><strong>vern·¹</strong></span> <span class='ocrx_word' id='word_1_235' title='bbox 607 2603 642 2638; x_wconf 87' lang='lat' dir='ltr'><strong>ex</strong></span> <span class='ocrx_word' id='word_1_236' title='bbox 660 2585 860 2638; x_wconf 85' lang='lat' dir='ltr'><strong>universalibus</strong></span> <span class='ocrx_word' id='word_1_237' title='bbox 880 2586 1062 2637; x_wconf 80' lang='lat' dir='ltr'><strong>constituitur.</strong></span> <span class='ocrx_word' id='word_1_238' title='bbox 1097 2586 1191 2638; x_wconf 77' lang='lat' dir='ltr'><strong>secuti</strong></span> <span class='ocrx_word' id='word_1_239' title='bbox 1206 2602 1256 2638; x_wconf 87' lang='lat' dir='ltr'><strong>au·-</strong></span> 
     </span>
     <span class='ocr_line' id='line_1_28' title="bbox 239 2664 1255 2728; baseline -0.001 -10"><span class='ocrx_word' id='word_1_240' title='bbox 239 2670 293 2720; x_wconf 83' lang='lat' dir='ltr'><strong>tem</strong></span> <span class='ocrx_word' id='word_1_241' title='bbox 307 2681 400 2718; x_wconf 90' lang='lat' dir='ltr'><strong>sumus</strong></span> <span class='ocrx_word' id='word_1_242' title='bbox 412 2683 475 2719; x_wconf 91' lang='lat' dir='ltr'><strong>cum</strong></span> <span class='ocrx_word' id='word_1_243' title='bbox 488 2668 569 2719; x_wconf 86' lang='lat' dir='ltr'><strong>Petro</strong></span> <span class='ocrx_word' id='word_1_244' title='bbox 578 2667 701 2719; x_wconf 85' lang='lat' dir='ltr'><strong>Victorio</strong></span> <span class='ocrx_word' id='word_1_245' title='bbox 712 2673 831 2718; x_wconf 84' lang='lat' dir='ltr'><strong>veterem</strong></span> <span class='ocrx_word' id='word_1_246' title='bbox 850 2664 1006 2728; x_wconf 86' lang='lat' dir='ltr'><strong>lectionem,</strong></span> <span class='ocrx_word' id='word_1_247' title='bbox 1027 2669 1059 2716; x_wconf 91' lang='lat' dir='ltr'><strong>ut</strong></span> <span class='ocrx_word' id='word_1_248' title='bbox 1070 2664 1196 2720; x_wconf 77' lang='lat' dir='ltr'><strong>inductio</strong></span> <span class='ocrx_word' id='word_1_249' title='bbox 1211 2666 1255 2717; x_wconf 90' lang='lat' dir='ltr'><strong>di-</strong></span> 
     </span>
     <span class='ocr_line' id='line_1_29' title="bbox 236 2743 1248 2818; baseline -0.001 -17"><span class='ocrx_word' id='word_1_250' title='bbox 236 2752 314 2801; x_wconf 84' lang='lat' dir='ltr'><strong>eatur</strong></span> <span class='ocrx_word' id='word_1_251' title='bbox 333 2765 393 2800; x_wconf 87' lang='lat' dir='ltr'><strong>esse</strong></span> <span class='ocrx_word' id='word_1_252' title='bbox 413 2748 588 2818; x_wconf 88' lang='lat' dir='ltr'><strong>principium,</strong></span> <span class='ocrx_word' id='word_1_253' title='bbox 608 2764 672 2812; x_wconf 90' lang='lat' dir='ltr'><strong>non,</strong></span> <span class='ocrx_word' id='word_1_254' title='bbox 690 2749 722 2799; x_wconf 88' lang='lat' dir='ltr'><strong>ut</strong></span> <span class='ocrx_word' id='word_1_255' title='bbox 738 2748 850 2816; x_wconf 87' lang='lat' dir='ltr'><strong>quidam</strong></span> <span class='ocrx_word' id='word_1_256' title='bbox 868 2743 1119 2814; x_wconf 67' lang='lat' dir='ltr'><strong>leguntprincipri,</strong></span> <span class='ocrx_word' id='word_1_257' title='bbox 1130 2747 1248 2800; x_wconf 80' lang='lat' dir='ltr'><strong>etiamsi</strong></span> 
     </span>
     <span class='ocr_line' id='line_1_30' title="bbox 238 2823 909 2899; baseline -0.009 -15"><span class='ocrx_word' id='word_1_258' title='bbox 238 2831 369 2899; x_wconf 84' lang='lat' dir='ltr'><strong>principia</strong></span> <span class='ocrx_word' id='word_1_259' title='bbox 381 2831 502 2884; x_wconf 81' lang='lat' dir='ltr'><strong>scientiae</strong></span> <span class='ocrx_word' id='word_1_260' title='bbox 513 2830 671 2883; x_wconf 87' lang='lat' dir='ltr'><strong>inductione</strong></span> <span class='ocrx_word' id='word_1_261' title='bbox 684 2823 909 2881; x_wconf 86' lang='lat' dir='ltr'><strong>demonstrentur.</strong></span> 
     </span>
     <span class='ocr_line' id='line_1_31' title="bbox 269 2908 1250 2982; baseline -0.003 -16"><span class='ocrx_word' id='word_1_262' title='bbox 269 2913 482 2979; x_wconf 77' lang='lat' dir='ltr'><strong>&#39;Quinto&#39;docet,</strong></span> <span class='ocrx_word' id='word_1_263' title='bbox 501 2913 567 2982; x_wconf 89' lang='lat' dir='ltr'><strong>quid</strong></span> <span class='ocrx_word' id='word_1_264' title='bbox 589 2913 623 2965; x_wconf 88' lang='lat' dir='ltr'><strong>sit</strong></span> <span class='ocrx_word' id='word_1_265' title='bbox 638 2911 761 2977; x_wconf 83' lang='lat' dir='ltr'><strong>scientie,</strong></span> <span class='ocrx_word' id='word_1_266' title='bbox 775 2927 837 2979; x_wconf 77' lang='lat' dir='ltr'><strong>quas</strong></span> <span class='ocrx_word' id='word_1_267' title='bbox 857 2908 984 2962; x_wconf 86' lang='lat' dir='ltr'><strong>definitur</strong></span> <span class='ocrx_word' id='word_1_268' title='bbox 996 2914 1026 2962; x_wconf 90' lang='lat' dir='ltr'><strong>nt</strong></span> <span class='ocrx_word' id='word_1_269' title='bbox 1039 2911 1073 2962; x_wconf 84' lang='lat' dir='ltr'><strong>sit</strong></span> <span class='ocrx_word' id='word_1_270' title='bbox 1084 2910 1250 2964; x_wconf 77' lang='lat' dir='ltr'><strong>habitutde-</strong></span> 
     </span>
    </p>
   </div>
   <div class='ocr_carea' id='block_1_10' title="bbox 141 2983 1257 3062">
    <p class='ocr_par' dir='ltr' id='par_1_12' title="bbox 141 2983 1257 3062">
     <span class='ocr_line' id='line_1_32' title="bbox 141 2983 1257 3062; baseline -0.004 -11"><span class='ocrx_word' id='word_1_271' title='bbox 141 2983 146 2994; x_wconf 65' lang='grc'><strong><em>’</em></strong></span> <span class='ocrx_word' id='word_1_272' title='bbox 193 3013 196 3018; x_wconf 89' lang='grc'><em>·</em></span> <span class='ocrx_word' id='word_1_273' title='bbox 236 2996 439 3060; x_wconf 78' lang='lat' dir='ltr'><strong>monstrativae,</strong></span> <span class='ocrx_word' id='word_1_274' title='bbox 454 2995 484 3062; x_wconf 87' lang='lat' dir='ltr'><strong>id</strong></span> <span class='ocrx_word' id='word_1_275' title='bbox 500 3000 551 3059; x_wconf 86' lang='lat' dir='ltr'><strong>est,</strong></span> <span class='ocrx_word' id='word_1_276' title='bbox 571 2993 658 3046; x_wconf 73' lang='lat' dir='ltr'><strong>tactus</strong></span> <span class='ocrx_word' id='word_1_277' title='bbox 676 3010 725 3062; x_wconf 87' lang='lat' dir='ltr'><strong>per</strong></span> <span class='ocrx_word' id='word_1_278' title='bbox 744 2992 931 3061; x_wconf 82' lang='lat' dir='ltr'><strong>syllogismum</strong></span> <span class='ocrx_word' id='word_1_279' title='bbox 950 2992 1205 3057; x_wconf 83' lang='lat' dir='ltr'><strong>demonstrativum,</strong></span> <span class='ocrx_word' id='word_1_280' title='bbox 1217 2985 1257 3046; x_wconf 81' lang='lat' dir='ltr'><strong>et¹</strong></span> 
     </span>
    </p>
   </div>
   <div class='ocr_carea' id='block_1_11' title="bbox 148 3063 1340 4209">
    <p class='ocr_par' dir='ltr' id='par_1_13' title="bbox 234 3063 1248 3150">
     <span class='ocr_line' id='line_1_33' title="bbox 234 3063 1248 3150; baseline -0.007 -15"><span class='ocrx_word' id='word_1_281' title='bbox 234 3078 416 3136; x_wconf 86' lang='lat' dir='ltr'><strong>necessarium</strong></span> <span class='ocrx_word' id='word_1_282' title='bbox 427 3097 433 3140; x_wconf 88' lang='lat'>;</span> <span class='ocrx_word' id='word_1_283' title='bbox 451 3076 532 3142; x_wconf 87' lang='lat' dir='ltr'><strong>cnjus</strong></span> <span class='ocrx_word' id='word_1_284' title='bbox 542 3076 674 3145; x_wconf 88' lang='lat' dir='ltr'><strong>principia</strong></span> <span class='ocrx_word' id='word_1_285' title='bbox 685 3080 825 3144; x_wconf 84' lang='lat' dir='ltr'><strong>assumpta</strong></span> <span class='ocrx_word' id='word_1_286' title='bbox 837 3073 1055 3142; x_wconf 84' lang='lat' dir='ltr'><strong>adprobandum</strong></span> <span class='ocrx_word' id='word_1_287' title='bbox 1068 3079 1133 3128; x_wconf 85' lang='lat' dir='ltr'><strong>suut</strong></span> <span class='ocrx_word' id='word_1_288' title='bbox 1145 3063 1248 3150; x_wconf 67' lang='lat' dir='ltr'><strong>nodosa</strong></span> 
     </span>
    </p>

    <p class='ocr_par' dir='ltr' id='par_1_14' title="bbox 155 3153 1316 3306">
     <span class='ocr_line' id='line_1_34' title="bbox 155 3153 1316 3234; baseline 0 -22"><span class='ocrx_word' id='word_1_289' title='bbox 155 3172 159 3178; x_wconf 86' lang='lat'>·</span> <span class='ocrx_word' id='word_1_290' title='bbox 233 3160 422 3222; x_wconf 82' lang='lat' dir='ltr'><strong>conclusione;</strong></span> <span class='ocrx_word' id='word_1_291' title='bbox 439 3173 474 3208; x_wconf 90' lang='lat' dir='ltr'><strong>ex</strong></span> <span class='ocrx_word' id='word_1_292' title='bbox 487 3158 783 3226; x_wconf 86' lang='lat' dir='ltr'><strong>principiorumautem</strong></span> <span class='ocrx_word' id='word_1_293' title='bbox 803 3159 909 3221; x_wconf 87' lang='lat' dir='ltr'><strong>notitia,</strong></span> <span class='ocrx_word' id='word_1_294' title='bbox 921 3162 950 3210; x_wconf 87' lang='lat' dir='ltr'><strong>et</strong></span> <span class='ocrx_word' id='word_1_295' title='bbox 963 3158 1175 3234; x_wconf 83' lang='lat' dir='ltr'><strong>propositionum</strong></span> <span class='ocrx_word' id='word_1_296' title='bbox 1188 3169 1246 3212; x_wconf 87' lang='lat' dir='ltr'><strong>ma·</strong></span> <span class='ocrx_word' id='word_1_297' title='bbox 1313 3153 1316 3161; x_wconf 77' lang='lat'>&#39;</span> 
     </span>
     <span class='ocr_line' id='line_1_35' title="bbox 229 3237 1249 3306; baseline -0.001 -14"><span class='ocrx_word' id='word_1_298' title='bbox 229 3241 296 3306; x_wconf 87' lang='lat' dir='ltr'><strong>joris</strong></span> <span class='ocrx_word' id='word_1_299' title='bbox 309 3244 337 3290; x_wconf 85' lang='lat' dir='ltr'><strong>ct</strong></span> <span class='ocrx_word' id='word_1_300' title='bbox 349 3237 458 3290; x_wconf 88' lang='lat' dir='ltr'><strong>minoris</strong></span> <span class='ocrx_word' id='word_1_301' title='bbox 477 3238 634 3305; x_wconf 82' lang='lat' dir='ltr'><strong>cognitione</strong></span> <span class='ocrx_word' id='word_1_302' title='bbox 655 3241 741 3293; x_wconf 87' lang='lat' dir='ltr'><strong>oritur</strong></span> <span class='ocrx_word' id='word_1_303' title='bbox 759 3242 873 3303; x_wconf 84' lang='lat' dir='ltr'><strong>scientia</strong></span> <span class='ocrx_word' id='word_1_304' title='bbox 888 3242 1079 3294; x_wconf 89' lang='lat' dir='ltr'><strong>conclusionis.</strong></span> <span class='ocrx_word' id='word_1_305' title='bbox 1114 3241 1249 3294; x_wconf 85' lang='lat' dir='ltr'><strong>Observat</strong></span> 
     </span>
    </p>

    <p class='ocr_par' dir='ltr' id='par_1_15' title="bbox 189 3316 1245 3392">
     <span class='ocr_line' id='line_1_36' title="bbox 189 3316 1245 3392; baseline -0.001 -20"><span class='ocrx_word' id='word_1_306' title='bbox 189 3341 195 3356; x_wconf 66' lang='lat'><em>1</em></span> <span class='ocrx_word' id='word_1_307' title='bbox 223 3316 408 3386; x_wconf 66' lang='lat' dir='ltr'><strong>‘Piceolomirn</strong></span> <span class='ocrx_word' id='word_1_308' title='bbox 418 3321 464 3374; x_wconf 88' lang='lat' dir='ltr'><strong>lib.</strong></span> <span class='ocrx_word' id='word_1_309' title='bbox 477 3325 504 3377; x_wconf 80' lang='grc' dir='ltr'><strong>ὁ.</strong></span> <span class='ocrx_word' id='word_1_310' title='bbox 516 3337 576 3389; x_wconf 88' lang='lat' dir='ltr'><strong>cap.</strong></span> <span class='ocrx_word' id='word_1_311' title='bbox 588 3323 632 3374; x_wconf 78' lang='lat'><strong>24.</strong></span> <span class='ocrx_word' id='word_1_312' title='bbox 669 3323 798 3376; x_wconf 86' lang='lat' dir='ltr'><strong>Scientiae</strong></span> <span class='ocrx_word' id='word_1_313' title='bbox 814 3338 914 3376; x_wconf 90' lang='lat' dir='ltr'><strong>nomen</strong></span> <span class='ocrx_word' id='word_1_314' title='bbox 933 3324 1149 3392; x_wconf 82' lang='lat' dir='ltr'><strong>quadrupliciter</strong></span> <span class='ocrx_word' id='word_1_315' title='bbox 1164 3337 1245 3375; x_wconf 55' lang='lat' dir='ltr'><strong>usura</strong></span> 
     </span>
    </p>

    <p class='ocr_par' dir='ltr' id='par_1_16' title="bbox 214 3393 1340 3959">
     <span class='ocr_line' id='line_1_37' title="bbox 216 3393 1247 3478; baseline 0.002 -24"><span class='ocrx_word' id='word_1_316' title='bbox 216 3471 218 3478; x_wconf 33' lang='grc' dir='ltr'>Ι</span> <span class='ocrx_word' id='word_1_317' title='bbox 231 3402 287 3470; x_wconf 84' lang='lat' dir='ltr'><strong>pari</strong></span> <span class='ocrx_word' id='word_1_318' title='bbox 299 3423 306 3465; x_wconf 93' lang='lat'>;</span> <span class='ocrx_word' id='word_1_319' title='bbox 325 3402 442 3469; x_wconf 84' lang='lat' dir='ltr'><strong>primum</strong></span> <span class='ocrx_word' id='word_1_320' title='bbox 454 3419 504 3472; x_wconf 88' lang='lat' dir='ltr'><strong>pro</strong></span> <span class='ocrx_word' id='word_1_321' title='bbox 516 3405 613 3471; x_wconf 89' lang='lat' dir='ltr'><strong>quavis</strong></span> <span class='ocrx_word' id='word_1_322' title='bbox 622 3407 699 3476; x_wconf 80' lang='lat' dir='ltr'><strong>certa</strong></span> <span class='ocrx_word' id='word_1_323' title='bbox 709 3403 748 3456; x_wconf 86' lang='lat' dir='ltr'><strong>rei</strong></span> <span class='ocrx_word' id='word_1_324' title='bbox 760 3406 924 3470; x_wconf 80' lang='lat' dir='ltr'><strong>cognitione,</strong></span> <span class='ocrx_word' id='word_1_325' title='bbox 937 3422 972 3458; x_wconf 86' lang='lat' dir='ltr'><strong>ex</strong></span> <span class='ocrx_word' id='word_1_326' title='bbox 984 3421 1038 3473; x_wconf 88' lang='lat' dir='ltr'><strong>qua</strong></span> <span class='ocrx_word' id='word_1_327' title='bbox 1050 3399 1165 3456; x_wconf 81' lang='lat' dir='ltr'><strong>dicimur</strong></span> <span class='ocrx_word' id='word_1_328' title='bbox 1177 3393 1247 3456; x_wconf 68' lang='lat' dir='ltr'><strong>adire</strong></span> 
     </span>
     <span class='ocr_line' id='line_1_38' title="bbox 223 3475 1246 3558; baseline 0.003 -24"><span class='ocrx_word' id='word_1_329' title='bbox 223 3482 322 3558; x_wconf 17' lang='lat' dir='ltr'><strong>*nivem</strong></span> <span class='ocrx_word' id='word_1_330' title='bbox 335 3491 393 3534; x_wconf 85' lang='lat' dir='ltr'><strong>esse</strong></span> <span class='ocrx_word' id='word_1_331' title='bbox 406 3486 505 3549; x_wconf 89' lang='lat' dir='ltr'><strong>albam,</strong></span> <span class='ocrx_word' id='word_1_332' title='bbox 515 3484 606 3552; x_wconf 79' lang='lat' dir='ltr'><strong>ignem</strong></span> <span class='ocrx_word' id='word_1_333' title='bbox 619 3484 755 3538; x_wconf 81' lang='lat' dir='ltr'><strong>calidum:</strong></span> <span class='ocrx_word' id='word_1_334' title='bbox 766 3485 874 3538; x_wconf 51' lang='lat' dir='ltr'><strong>*deinde</strong></span> <span class='ocrx_word' id='word_1_335' title='bbox 885 3501 934 3556; x_wconf 89' lang='lat' dir='ltr'><strong>pro</strong></span> <span class='ocrx_word' id='word_1_336' title='bbox 951 3485 1046 3538; x_wconf 80' lang='lat' dir='ltr'><strong>habitu</strong></span> <span class='ocrx_word' id='word_1_337' title='bbox 1064 3484 1163 3536; x_wconf 89' lang='lat' dir='ltr'><strong>mentis</strong></span> <span class='ocrx_word' id='word_1_338' title='bbox 1175 3475 1246 3537; x_wconf 81' lang='lat' dir='ltr'><strong>sem-</strong></span> 
     </span>
     <span class='ocr_line' id='line_1_39' title="bbox 231 3559 1243 3634; baseline 0.002 -19"><span class='ocrx_word' id='word_1_339' title='bbox 231 3568 377 3632; x_wconf 83' lang='lat' dir='ltr'><strong>porrecto,</strong></span> <span class='ocrx_word' id='word_1_340' title='bbox 392 3563 521 3618; x_wconf 90' lang='lat' dir='ltr'><strong>distincto</strong></span> <span class='ocrx_word' id='word_1_341' title='bbox 534 3559 719 3632; x_wconf 63' lang='lat' dir='ltr'><strong>a&#39;cognitione</strong></span> <span class='ocrx_word' id='word_1_342' title='bbox 732 3581 872 3633; x_wconf 89' lang='lat' dir='ltr'><strong>sensuum,</strong></span> <span class='ocrx_word' id='word_1_343' title='bbox 886 3565 1058 3620; x_wconf 82' lang='lat' dir='ltr'><strong>et-abhabitu</strong></span> <span class='ocrx_word' id='word_1_344' title='bbox 1068 3579 1125 3617; x_wconf 90' lang='lat' dir='ltr'><strong>non</strong></span> <span class='ocrx_word' id='word_1_345' title='bbox 1136 3579 1243 3634; x_wconf 86' lang='lat' dir='ltr'><strong>semper</strong></span> 
     </span>
     <span class='ocr_line' id='line_1_40' title="bbox 227 3639 1242 3720; baseline 0.003 -24"><span class='ocrx_word' id='word_1_346' title='bbox 227 3649 313 3710; x_wconf 89' lang='lat' dir='ltr'><strong>recto,</strong></span> <span class='ocrx_word' id='word_1_347' title='bbox 334 3645 362 3697; x_wconf 90' lang='lat' dir='ltr'><strong>in</strong></span> <span class='ocrx_word' id='word_1_348' title='bbox 381 3661 437 3714; x_wconf 86' lang='lat' dir='ltr'><strong>qua</strong></span> <span class='ocrx_word' id='word_1_349' title='bbox 457 3646 654 3714; x_wconf 69' lang='lat' dir='ltr'><strong>significatione</strong></span> <span class='ocrx_word' id='word_1_350' title='bbox 675 3639 888 3702; x_wconf 83' lang='lat' dir='ltr'><strong>Galenus&#39;dixit</strong></span> <span class='ocrx_word' id='word_1_351' title='bbox 910 3652 998 3700; x_wconf 87' lang='lat' dir='ltr'><strong>artem</strong></span> <span class='ocrx_word' id='word_1_352' title='bbox 1022 3647 1163 3720; x_wconf 82' lang='lat' dir='ltr'><strong>Medicam</strong></span> <span class='ocrx_word' id='word_1_353' title='bbox 1183 3661 1242 3699; x_wconf 84' lang='lat' dir='ltr'><strong>esse</strong></span> 
     </span>
     <span class='ocr_line' id='line_1_41' title="bbox 227 3726 1330 3798; baseline 0 -18"><span class='ocrx_word' id='word_1_354' title='bbox 227 3726 383 3780; x_wconf 84' lang='lat' dir='ltr'><strong>scientiam:</strong></span> <span class='ocrx_word' id='word_1_355' title='bbox 402 3732 535 3796; x_wconf 87' lang='lat' dir='ltr'><strong>practerea</strong></span> <span class='ocrx_word' id='word_1_356' title='bbox 544 3745 592 3797; x_wconf 91' lang='lat' dir='ltr'><strong>pro</strong></span> <span class='ocrx_word' id='word_1_357' title='bbox 604 3727 698 3781; x_wconf 89' lang='lat' dir='ltr'><strong>habitu</strong></span> <span class='ocrx_word' id='word_1_358' title='bbox 712 3730 845 3798; x_wconf 86' lang='lat' dir='ltr'><strong>acquisito</strong></span> <span class='ocrx_word' id='word_1_359' title='bbox 857 3747 908 3798; x_wconf 86' lang='lat' dir='ltr'><strong>per</strong></span> <span class='ocrx_word' id='word_1_360' title='bbox 919 3730 1179 3784; x_wconf 76' lang='lat' dir='ltr'><strong>demonstrationem</strong></span> <span class='ocrx_word' id='word_1_361' title='bbox 1188 3727 1243 3780; x_wconf 83' lang='lat' dir='ltr'><strong>dis-</strong></span> <span class='ocrx_word' id='word_1_362' title='bbox 1323 3783 1330 3792; x_wconf 18' lang='lat' dir='ltr'>x</span> 
     </span>
     <span class='ocr_line' id='line_1_42' title="bbox 226 3809 1340 3879; baseline -0.003 -18"><span class='ocrx_word' id='word_1_363' title='bbox 226 3809 312 3862; x_wconf 87' lang='lat' dir='ltr'><strong>tincto</strong></span> <span class='ocrx_word' id='word_1_364' title='bbox 320 3809 355 3861; x_wconf 88' lang='lat' dir='ltr'><strong>ab</strong></span> <span class='ocrx_word' id='word_1_365' title='bbox 367 3824 400 3860; x_wconf 88' lang='lat' dir='ltr'><strong>co</strong></span> <span class='ocrx_word' id='word_1_366' title='bbox 409 3809 512 3875; x_wconf 90' lang='lat' dir='ltr'><strong>habitu,</strong></span> <span class='ocrx_word' id='word_1_367' title='bbox 520 3813 568 3879; x_wconf 89' lang='lat' dir='ltr'><strong>qui</strong></span> <span class='ocrx_word' id='word_1_368' title='bbox 578 3811 612 3864; x_wconf 81' lang='lat' dir='ltr'><strong>ad</strong></span> <span class='ocrx_word' id='word_1_369' title='bbox 623 3811 768 3877; x_wconf 82' lang='lat' dir='ltr'><strong>actionem,</strong></span> <span class='ocrx_word' id='word_1_370' title='bbox 778 3813 821 3864; x_wconf 84' lang='lat' dir='ltr'><strong>v&#39;el</strong></span> <span class='ocrx_word' id='word_1_371' title='bbox 830 3813 1001 3866; x_wconf 82' lang='lat' dir='ltr'><strong>effectionem</strong></span> <span class='ocrx_word' id='word_1_372' title='bbox 1012 3811 1178 3878; x_wconf 63' lang='lat' dir='ltr'><strong>tingitania</strong></span> <span class='ocrx_word' id='word_1_373' title='bbox 1187 3823 1242 3874; x_wconf 86' lang='lat' dir='ltr'><strong>qua</strong></span> <span class='ocrx_word' id='word_1_374' title='bbox 1335 3855 1340 3872; x_wconf 77' lang='grc'>,</span> 
     </span>
     <span class='ocr_line' id='line_1_43' title="bbox 214 3881 1236 3959; baseline -0.004 -16"><span class='ocrx_word' id='word_1_375' title='bbox 214 3884 420 3959; x_wconf 65' lang='lat' dir='ltr'><strong>significatione</strong></span> <span class='ocrx_word' id='word_1_376' title='bbox 440 3881 880 3958; x_wconf 79' lang='lat' dir='ltr'><strong>Metnplrysicadiciturscientia</strong></span> <span class='ocrx_word' id='word_1_377' title='bbox 890 3899 947 3953; x_wconf 84' lang='lat' dir='ltr'><strong>;·ct</strong></span> <span class='ocrx_word' id='word_1_378' title='bbox 964 3893 1086 3947; x_wconf 80' lang='lat' dir='ltr'><strong>maxime</strong></span> <span class='ocrx_word' id='word_1_379' title='bbox 1103 3886 1236 3940; x_wconf 82' lang='lat' dir='ltr'><strong>scientia:</strong></span> 
     </span>
    </p>

    <p class='ocr_par' dir='ltr' id='par_1_17' title="bbox 148 3966 1240 4042">
     <span class='ocr_line' id='line_1_44' title="bbox 148 3966 1240 4042; baseline -0.006 -15"><span class='ocrx_word' id='word_1_380' title='bbox 148 4005 159 4034; x_wconf 73' lang='lat'><strong>,·</strong></span> <span class='ocrx_word' id='word_1_381' title='bbox 183 4023 187 4028; x_wconf 88' lang='lat'>.</span> <span class='ocrx_word' id='word_1_382' title='bbox 217 3967 344 4041; x_wconf 75' lang='lat' dir='ltr'><strong>&#39;denique‘</strong></span> <span class='ocrx_word' id='word_1_383' title='bbox 355 3981 403 4042; x_wconf 84' lang='lat' dir='ltr'><strong>pro</strong></span> <span class='ocrx_word' id='word_1_384' title='bbox 411 3968 507 4023; x_wconf 87' lang='lat' dir='ltr'><strong>habitu</strong></span> <span class='ocrx_word' id='word_1_385' title='bbox 515 3971 744 4027; x_wconf 85' lang='lat' dir='ltr'><strong>demonstratione</strong></span> <span class='ocrx_word' id='word_1_386' title='bbox 756 3977 925 4040; x_wconf 85' lang='lat' dir='ltr'><strong>comparato,</strong></span> <span class='ocrx_word' id='word_1_387' title='bbox 933 3973 1062 4039; x_wconf 82' lang='lat' dir='ltr'><strong>distincto</strong></span> <span class='ocrx_word' id='word_1_388' title='bbox 1073 3985 1090 4020; x_wconf 85' lang='lat' dir='ltr'><strong>a</strong></span> <span class='ocrx_word' id='word_1_389' title='bbox 1098 3966 1240 4035; x_wconf 76' lang='lat' dir='ltr'><strong>sapientia,</strong></span> 
     </span>
    </p>

    <p class='ocr_par' dir='ltr' id='par_1_18' title="bbox 208 4049 1240 4209">
     <span class='ocr_line' id='line_1_45' title="bbox 224 4049 1240 4126; baseline -0.007 -17"><span class='ocrx_word' id='word_1_390' title='bbox 224 4057 254 4109; x_wconf 86' lang='lat' dir='ltr'><strong>in</strong></span> <span class='ocrx_word' id='word_1_391' title='bbox 265 4071 321 4126; x_wconf 89' lang='lat' dir='ltr'><strong>qua</strong></span> <span class='ocrx_word' id='word_1_392' title='bbox 332 4051 530 4124; x_wconf 75' lang='lat' dir='ltr'><strong>significatione</strong></span> <span class='ocrx_word' id='word_1_393' title='bbox 549 4052 673 4120; x_wconf 79' lang='lat' dir='ltr'><strong>Physica,</strong></span> <span class='ocrx_word' id='word_1_394' title='bbox 693 4060 722 4108; x_wconf 89' lang='lat' dir='ltr'><strong>et</strong></span> <span class='ocrx_word' id='word_1_395' title='bbox 740 4053 939 4108; x_wconf 85' lang='lat' dir='ltr'><strong>Matlrematica</strong></span> <span class='ocrx_word' id='word_1_396' title='bbox 955 4055 1083 4108; x_wconf 87' lang='lat' dir='ltr'><strong>dicuntur</strong></span> <span class='ocrx_word' id='word_1_397' title='bbox 1105 4049 1240 4113; x_wconf 84' lang='lat' dir='ltr'><strong>scientiae,</strong></span> 
     </span>
     <span class='ocr_line' id='line_1_46' title="bbox 208 4127 1237 4209; baseline -0.006 -15"><span class='ocrx_word' id='word_1_398' title='bbox 208 4137 417 4209; x_wconf 75' lang='lat' dir='ltr'><strong>&#39;&#39;Memphysica</strong></span> <span class='ocrx_word' id='word_1_399' title='bbox 428 4147 492 4191; x_wconf 80' lang='lat' dir='ltr'><strong>sero</strong></span> <span class='ocrx_word' id='word_1_400' title='bbox 503 4134 637 4203; x_wconf 85' lang='lat' dir='ltr'><strong>sapientia</strong></span> <span class='ocrx_word' id='word_1_401' title='bbox 650 4127 773 4204; x_wconf 81' lang='lat' dir='ltr'><strong>uocatur,</strong></span> <span class='ocrx_word' id='word_1_402' title='bbox 785 4139 817 4189; x_wconf 90' lang='lat' dir='ltr'><strong>et-</strong></span> <span class='ocrx_word' id='word_1_403' title='bbox 826 4135 946 4189; x_wconf 81' lang='lat' dir='ltr'><strong>humana</strong></span> <span class='ocrx_word' id='word_1_404' title='bbox 957 4129 1118 4202; x_wconf 73' lang='lat' dir='ltr'><strong>Tneotogio.</strong></span> <span class='ocrx_word' id='word_1_405' title='bbox 1143 4131 1237 4199; x_wconf 79' lang='lat' dir='ltr'><strong>Quam</strong></span> 
     </span>
    </p>
   </div>
   <div class='ocr_carea' id='block_1_12' title="bbox 0 0 1422 4812">
    <p class='ocr_par' dir='ltr' id='par_1_19' title="bbox 0 0 1422 4812">
     <span class='ocr_line' id='line_1_47' title="bbox 0 0 1422 4812; baseline 0 4"><span class='ocrx_word' id='word_1_406' title='bbox 0 0 1422 4812; x_wconf 95' lang='lat' dir='ltr'><strong> </strong></span> 
     </span>
    </p>
   </div>
  </div>
 </body>
</html>
