2806 4796
204 360 223 410 2
444 349 542 409 rur.
571 318 694 408 mccl
719 350 957 410 commuue.

167 463 173 476 ’
202 473 439 530 Rhetorioae‘esse
459 489 560 532 munus
579 469 652 530 ortis.
689 457 754 528 Hoo
771 477 864 529 eutem
881 475 911 529 in
928 476 989 529 loeo
1000 473 1085 530 hebet
1101 457 1233 544 primam'

195 557 437 626 ,signidontionem
449 560 478 610 et
487 571 597 610 omnem
609 560 694 610 artem
705 557 819 610 donomt
831 573 981 626 operosam.
1017 555 1168 614 Meriones
1180 558 1215 610 eb

109 641 117 658 ⁶
204 639 346 693 Eustrmio
357 638 505 692 olerissimo
513 637 667 694 Aristotelis
678 638 854 706 explicatore,
865 637 1001 702 definitum
1012 625 1045 692 ut
1059 639 1096 693 sit
1106 636 1216 692 habitus
1234 699 1240 706 ,

202 723 276 776 vlam
293 719 421 774 muniens
433 735 498 774 oum
515 720 630 774 ratione.
667 719 705 774 Et
722 720 830 774 videtur
849 719 895 774 hio
911 721 1063 788 signilloere
1075 720 1217 774 seientiam

203 819 268 856 eum
280 803 364 856 etiem
375 801 487 856 inferius
496 819 544 872 pro
555 801 690 876 methodis
701 799 876 856 nominentur
882 802 1015 857 soientiae.
1040 803 1217 872 Quamquam

201 885 301 938 Petrus
313 882 454 936 Victorius
465 883 685 962 eliudviutelligit,
697 884 818 959 scribens
828 884 886 950 sio;
903 884 1215 952 “Animadvertendum

204 968 307 1032 nutem,
315 965 390 1034 quod
401 965 436 1017 eb
448 965 611 1034 Argyropilo
623 967 784 1020 adnotatum
797 965 841 1019 lrie
852 970 903 1032 ost,
914 981 995 1020 usum
1005 983 1065 1021 esre
1076 971 1215 1022 auctorem

114 1058 118 1065 '
203 1047 301 1102 ordine
313 1049 491 1117 praepostero:
511 1048 551 1102 sio
570 1049 642 1102 enirn
664 1049 773 1101 loeutus
789 1051 849 1104 est:
877 1049 1021 1104 methodus
1033 1065 1151 1119 nemque
1169 1065 1217 1101 an-

107 1149 111 1156 ’
202 1129 307 1182 teeedit
324 1131 419 1196 artem,
437 1132 466 1182 et
486 1130 644 1183 seientiam:
670 1129 796 1198 quemvis
815 1137 922 1184 veteres
940 1130 1033 1184 Greeei
1053 1130 1215 1198 interpretes

204 1210 359 1267 Aristotelis
381 1205 732 1278 tradiderint‚'metlrodum
753 1212 900 1280 aliqnando
920 1213 1010 1266 uslere
1037 1211 1120 1278 idem,
1140 1211 1216 1280 qnod

205 1295 342 1362 ἐπιστήμη,
352 1296 382 1346 et
394 1293 547 1358 nomentum
560 1291 634 1346 illius
652 1295 738 1361 ipsius
755 1293 889 1359 seientiae,
906 1299 1047 1363 eertaeque
1065 1291 1217 1362 pereipien·
1277 1356 1280 1361 Ι

204 1376 402 1438 daerationem.
429 1374 501 1428 Haeo
516 1373 587 1429 ille.'’
616 1374 1035 1444 Aetioquoqueapudeundem
1046 1375 1216 1430 Eustrntinnr
1303 1389 1307 1394 ·

174 1525 182 1542 x
203 1446 304 1510 dieitur
316 1472 374 1510 esse
387 1461 466 1510 notus
483 1447 635 1510 seeundum
648 1455 876 1525 praeeleetionem.
913 1458 952 1510 Et
970 1457 1126 1526 praeeleetio
1140 1455 1215 1524 judl-

203 1540 278 1591 oium
298 1538 332 1591 do
352 1539 524 1605 duabus‚vel
545 1538 668 1608 pluribus
689 1539 771 1592 rebus
793 1539 949 1608 propositis.
965 1539 1039 1602 tem,
1058 1555 1123 1590 oum
1144 1539 1217 1600 huno

121 1667 124 1674 .
202 1621 295 1674 locum
311 1619 356 1672 elii
366 1619 443 1672 aliter
454 1619 603 1688 explicent,
615 1618 692 1672 nobis
704 1619 813 1673 videtur
822 1621 876 1674 illis
887 1625 1011 1689 quatuor,
1020 1635 1082 1686 quae
1095 1619 1217 1670 Philoso-

201 1701 275 1770 phus
293 1699 453 1768 nominavit,
461 1701 553 1753 omnis
571 1701 680 1754 habitus
698 1701 782 1756 enimi
801 1700 961 1769 significem
982 1701 1030 1770 qni
1044 1700 1144 1768 triplex
1156 1704 1213 1762 est;

203 1798 277 1836 unns
293 1779 436 1848 efficiendi,
447 1786 476 1835 et
487 1782 588 1836 dieitur
599 1799 651 1846 ars,
668 1783 813 1854 dirigitque
825 1784 860 1836 nd
872 1784 900 1836 id
922 1783 1033 1848 bonum,
1050 1781 1125 1851 quod
1138 1781 1218 1834 efflei-

202 1869 264 1918 lur:
284 1866 353 1918 alter
365 1865 578 1932 eontemplnndi,
594 1869 623 1919 et
641 1870 754 1920 vocatur
772 1865 927 1931 methodus,
937 1866 1120 1939 relsoientie,
1132 1869 1215 1932 etque

203 1947 239 2000 ed
258 1937 357 2002 rerum'
373 1948 513 2020 perducit:
533 1950 629 2003 tertius
649 1949 758 2016 egendi,
775 1964 808 2002 eo
827 1949 975 2018 prudentie
994 1947 1158 2010 nominator,
1181 1944 1215 1998 nd
1253 2017 1257 2025 «

202 2027 287 2099 quem
295 2031 368 2094 eollo
379 2030 500 2096 refertur,
512 2035 541 2085 et
555 2032 721 2100 praeelectio.
753 2032 921 2100 Hujusmodi
934 2037 1027 2086 eulem
1038 2030 1146 2084 videtur
1157 2045 1216 2082 esse

202 2119 410 2181 argumentum
429 2114 518 2168 omnis
539 2113 648 2166 habitus
660 2116 745 2165 animi
756 2115 867 2168 humani
880 2117 983 2171 bonum
993 2114 1110 2184 ¹oppetit,
1120 2117 1153 2165 ut
1164 2126 1217 2172 ers,

154 2199 162 2204 ”
202 2199 235 2246 ut
245 2194 368 2256 seientia,
379 2198 411 2245 ut
421 2191 575 2260 prudentis,
587 2206 651 2258 quae
663 2191 876 2256 comprehendit
885 2197 1030 2256 actionem,
1042 2198 1071 2245 et
1086 2195 1217 2262 praeelee·

201 2276 314 2328 tionem.
345 2269 795 2338 Ergoanimnslrumanusbonum
808 2273 921 2339 appetit.
957 2271 1218 2328 confirmitnroon-

203 2354 346 2426 sequentia
354 2355 495 2408 communi
505 2352 662 2405 definitione
671 2351 744 2419 boni,
753 2355 787 2405 ut
797 2353 833 2406 sit
842 2353 879 2417 id,
890 2358 964 2422 quod
973 2354 1065 2408 omnis
1074 2361 1216 2424 appetunt.

201 2437 343 2492 Victorius
351 2435 473 2497 nominet
484 2451 625 2490 summum
636 2435 747 2500 bonum,
766 2435 870 2490 addens
888 2451 1029 2491 summum
1048 2437 1083 2490 de
1096 2453 1155 2504 suo,
1167 2439 1218 2492 vi-

203 2520 394 2588 deturtomen'
405 2517 524 2571 dubitari
542 2533 622 2586 posse
641 2519 676 2571 de
694 2521 751 2572 erte
769 2519 901 2584 venefica,
919 2519 1035 2589 aliisque
1050 2520 1142 2589 pravis
1154 2519 1219 2575 erti-

202 2603 265 2668 bus,
275 2585 341 2676 qpae‘
350 2599 452 2654 malum
461 2603 611 2669 appetunt:
630 2605 658 2654 et
669 2591 705 2652 de
717 2600 840 2666 seientia,
849 2616 913 2670 ques
923 2615 977 2654 non
986 2603 1094 2670 appetit
1106 2602 1218 2667 bonum,

203 2679 253 2737 sed
263 2698 375 2738 verum:
395 2681 469 2735 etde
478 2681 610 2735 felicitato
622 2697 685 2750 quae
697 2681 832 2749 ostentio,
844 2685 976 2736 ettamen
987 2699 1042 2734 non
1055 2683 1159 2752 appetit
1170 2684 1218 2756 bo-

202 2779 279 2830 num,
297 2765 345 2818 sed
359 2763 502 2834 oppetitur
519 2757 793 2832 tunquemsbonnm:
820 2769 851 2818 et
869 2765 905 2818 de
926 2765 1130 2833 prae'eleetiono'
1142 2766 1217 2828 luris,

201 2847 337 2916 sacrilegi,
347 2845 589 2910 adulteri,elierum
600 2844 793 2912 flagitiosorum
802 2844 952 2918 hominum,
960 2846 1010 2915 qui
1019 2863 1074 2899 norr
1085 2853 1221 2916 appetunt

203 2929 321 3002 nonnus
329 2928 377 2982 sed
388 2928 500 2994 melum,
517 2930 550 2980 ut
560 2909 675 2988 iurtrim,
687 2925 870 2992 saerilegium,
882 2925 1057 2989 adulterium,
1075 2926 1218 2994 flagitium.

203 3011 250 3066 Ad
261 3011 378 3080 primum
393 3009 544 3078 respondet
556 3008 720 3072 Eustrntius,
735 3011 768 3060 ut
780 3015 903 3060 mortuus
915 3007 996 3060 homo
1012 3021 1069 3064 non
1081 3013 1124 3060 est
1139 3022 1219 3062 verus

201 3093 294 3158 tremo,
302 3107 354 3146 nee
363 3089 522 3152 eunuchus;
536 3090 576 3142 sie
587 3090 753 3148 malasartes
762 3103 817 3142 non
829 3103 974 3143 essoveres
984 3094 1073 3150 attens
1084 3090 1218 3162 Aristote-

185 3175 257 3227 ¹lem
276 3187 343 3226 vero
362 3171 438 3238 loqui
458 3171 493 3222 do
513 3171 584 3238 reris
604 3172 717 3235 artibus,
734 3187 789 3225 non
801 3172 981 3226 adumbratis.
1017 3171 1077 3225 Noi
1089 3174 1220 3240 putemus
1232 3192 1245 3202 ⁴

182 3257 189 3264 “
203 3257 289 3312 etiem
299 3253 386 3308 moles
397 3257 469 3308 artes
486 3257 615 3323 oppetere
633 3255 745 3324 tronum,
761 3256 782 3308 si
797 3271 852 3308 non
863 3271 969 3319 verum,
982 3260 1011 3308 at
1027 3255 1122 3308 sellem
1135 3269 1221 3324 appe-
1236 3257 1241 3263 “

201 3351 278 3392 rens.
312 3336 351 3390 Et
362 3335 558 3404 respondemus
576 3332 611 3388 ed
631 3336 794 3399 seeundum,
811 3335 917 3403 duplex
934 3351 994 3389 esse
1006 3336 1119 3403 bonum,
1131 3349 1218 3390 unum

202 3417 416 3487 contemplandi,
426 3417 502 3486 quod
511 3416 596 3470 etiem
604 3429 700 3469 rerum
712 3416 872 3485 appellatur,
881 3421 910 3469 et
921 3418 1058 3486 appetitur
1067 3416 1219 3480 adolentia,

201 3501 319 3555 alterum
331 3500 439 3568 egendi,
451 3499 526 3568 quod
546 3498 685 3568 oppetitur
702 3513 719 3548 a
738 3498 845 3556 ueteris.
881 3499 921 3553 Et
939 3499 978 3552 ed
995 3500 1115 3564 tertium,
1134 3501 1219 3553 etiem

199 3584 358 3638 felioitntem
381 3584 509 3650 appetem
536 3580 648 3644 bonum
668 3583 805 3649 quotenus
828 3581 895 3635 illud
916 3581 1049 3647 inoludit;
1075 3580 1120 3635 rel
1140 3579 1218 3649 loqui

202 3665 379 3720 Aristotelem
391 3661 541 3716 deuotione
553 3677 616 3730 queo
626 3659 741 3715 retertur
751 3661 786 3714 nd
799 3663 890 3729 finem,
902 3667 930 3717 et
942 3665 999 3732 ugit
1007 3663 1220 3732 propterllnem‚

115 3731 123 3742 ⁴
201 3761 262 3804 non
273 3746 308 3800 de
320 3746 509 3813 notione-quoe
517 3744 560 3796 est
571 3743 630 3810 lpse
641 3741 711 3808 finis,
722 3746 751 3795 et
762 3743 851 3812 ipsum
863 3759 1000 3797 summum
1010 3745 1123 3814 bonum,
1131 3741 1220 3812 quetis

201 3834 244 3886 est
255 3828 378 3882 ielieites.
396 3891 400 3898 .
415 3827 453 3880 Et
465 3827 501 3880 ed
512 3829 649 3894 quartum,
668 3825 753 3878 etiem
765 3827 982 3894 praeeleetionem
996 3825 1072 3895 furis,
1085 3825 1219 3896 studiosi,

203 3913 327 3982 adulteri,
346 3902 460 3966 eliorum‘
475 3907 668 3978 flagitiosorum
685 3909 813 3981 appetere
825 3912 940 3978 tronum,
958 3911 1221 3977 si=non'rerum,'st

201 4000 298 4052 sellom
318 3996 525 4066 adumbratum:
546 3990 720 4062 decipiuntur
737 3995 831 4048 entem
849 3995 918 4047 tales
936 3995 1027 4062 speeie
1046 3992 1121 4061 boni,
1133 3990 1218 4062 quod

203 4080 256 4140 sibi
272 4078 569 4148 snimo'eoneepemnt.
603 4074 735 4131 Definitio
755 4079 848 4132 eutem
866 4077 939 4148 boni,
952 4091 1015 4147 quoe
1032 4074 1078 4130 trio
1097 4075 1216 4138 affertur,
