2784 4804
385 340 978 436 1un1n.x.nrirrc.'snrsn.
1046 454 1052 466 Χ
1127 375 1181 430 ιιι
1239 376 1278 470 ’ἵ

167 483 222 541 bus
241 461 411 545 rationibus:
423 503 539 564 quarum
552 490 639 559 prima
651 494 703 559 est,
721 490 795 561 quod
813 491 885 547 sicut
901 510 930 547 se
947 491 1048 546 habent
1065 481 1137 549 inter
1154 506 1185 546 ss

167 572 256 638 actus,
267 570 344 642 itaet
355 571 517 640 uoluptates.
553 571 607 626 Sed
620 578 699 644 actus
711 573 750 626 ita
761 590 791 627 se
802 573 907 628 babent
923 573 995 628 inter
1010 589 1048 641 se,
1060 576 1094 627 ut
1105 574 1182 628 ditio·

164 625 358 706 mntbcnita'tc
359 651 568 721 ‚domnitam
585 639 929 732 aliiquesuntexpeteiidi,
941 655 1130 741 aliit'ugicndi,
1142 659 1184 710 at·
1266 710 1291 726 „

166 745 221 801 que
237 732 412 802 aspernandi,
431 734 477 788 alii
493 735 594 790 neutri.
630 737 705 806 Ergo
722 736 818 790 eodem
831 725 1079 808 modovoluptates
1095 735 1184 790 seha-

163 813 376 870 berevidentur.
412 817 554 871 Suaenirn
567 818 706 895 cujusque
723 819 939 889 actusvoInptas
958 825 1009 874 est.
1045 820 1191 896 Atqueeaw
1218 845 1221 854 ,

131 927 136 936 .
165 894 287 966 quidem,
296 897 696 972 quasboniactuspmpiaest
710 901 849 956 bonaest:
863 918 926 971 quae
939 895 1013 965 mali,
1027 903 1109 956 mala.

199 977 295 1033 Altera
303 978 372 1033 ratio
387 985 438 1046 est,
449 982 559 1049 quod'
538 999 561 1034 ιι
572 984 737 1050 cupiditates
749 983 876 1037 diffemnt
887 983 923 1036 ob
935 975 1121 1038 diversitatem
1138 1001 1183 1037 ac·
1250 999 1253 1007 ·

119 1081 126 1095 ¹
165 1061 253 1124 tuum,
266 1064 297 1112 nt
314 1060 377 1114 aliae
388 1061 443 1112 sint
460 1077 509 1128 per
520 1077 549 1112 se
560 1061 708 1128 fugiendae,
721 1060 783 1114 aliae
796 1065 969 1130 expetendae,
984 1057 1048 1116 'alim
1065 1068 1182 1131 neutrae,

110 1175 116 1186 ι
153 1138 259 1204 ,etiarm
277 1143 306 1192 et
325 1141 412 1193 multu
429 1141 517 1210 magis
532 1140 660 1209 diffemnt
678 1141 840 1210 voluptates.
875 1142 916 1195 At
935 1145 1184 1213 uoluptatesdiiie·

153 1211 242 1284 ¹sistit,
260 1234 324 1274 cum
336 1219 502 1290 cupiditates
520 1235 610 1288 rerum
627 1219 803 1274 honestarum
815 1221 870 1274 sint
882 1222 1043 1290 laudabiles,
1048 1247 1049 1250 ¹
1060 1227 1183 1296 turpium
1251 1291 1253 1296 ¹

165 1296 369 1370 vituperabiles.
406 1301 484 1369 Ergo
503 1301 588 1355 etiam
609 1301 739 1356 differunt
755 1303 919 1394 uoluptates,
938 1307 967 1357 ct
982 1307 1069 1360 multo
1088 1307 1184 1380 magis,

165 1385 312 1455 propterea
329 1381 411 1451 quod,
433 1382 458 1435 si
476 1382 550 1450 quod
568 1381 660 1458 minus
671 1381 810 1438 ridetur,
801 1398 900 1450 messe,
921 1384 1002 1446 inest,
1014 1385 1095 1438 etiam
1108 1390 1183 1456 quod

112 1454 117 1466 '
162 1465 261 1530 magis.
296 1464 337 1517 At
347 1479 439 1518 minus
451 1463 585 1519 ridetur
578 1448 669 1518 messe
683 1457 893 1536 cupiditatibus,
911 1470 944 1519 ut
955 1465 1080 1520 differant
1094 1468 1184 1536 probi-

155 1548 231 1612 ·tate,
242 1550 270 1598 et
281 1546 426 1626 pravitate
439 1551 467 1600 et
479 1548 572 1600 tamen
583 1545 663 1611 ιιιιι,
675 1562 749 1613 cum,
762 1551 794 1600 ut
810 1547 892 1600 modo
904 1551 1031 1602 notatum
1043 1554 1085 1603 est
1085 1549 1184 1619 ,cupi-

150 1617 280 1681 'ditatam
297 1643 388 1682 rerum
400 1629 577 1683 honestarum
594 1626 650 1682 sint
661 1628 822 1694 laudabiles,
840 1629 963 1698 turpium
979 1630 1184 1698 vituperabiles.

164 1709 241 1785 Ergo
257 1709 341 1763 etiam
350 1709 423 1763 inest
433 1709 628 1778 voluptatibus,
639 1727 702 1779 qnae
714 1710 830 1777 actibus,
846 1711 874 1763 in
886 1709 988 1780 quibus
999 1710 1104 1776 insunt,
1120 1727 1185 1781 pro·

166 1789 332 1862 pinquiores,
351 1795 380 1844 et
397 1789 604 1858 conjunctiores
616 1795 688 1856 sunt,
705 1807 790 1860 quam
809 1787 998 1864 appetitiones.
1035 1793 1091 1846 Hae
1110 1793 1183 1848 enim
1287 1777 1304 1865 ,⁴

164 1869 305 1926 distinctae
317 1873 383 1925 sunt
401 1877 432 1925 ιι
449 1871 624 1941 temporibus,
643 1877 672 1926 et
683 1880 798 1927 natura:
819 1873 873 1926 iliae
888 1873 995 1934 actibus
1007 1880 1072 1927 sunt
1089 1876 1183 1944 proxi-

165 1970 230 2019 mae,
241 1960 270 2032 et
281 1955 429 2008 cohaerent.
463 1954 564 2023 Itaque
576 1958 640 2007 sunt
650 1954 830 2016 indistinctae,
849 1958 877 2006 et
889 1955 1020 2020 contusae,
1030 1958 1063 2007 ιιι
1075 1961 1184 2010 contro·
1232 1951 1236 1964 ’

164 2035 257 2090 versis
267 2037 311 2101 sit,
323 2051 357 2090 an
368 2034 441 2090 idem
453 2036 489 2089 sit
501 2039 589 2101 actus,
599 2035 673 2105 quod
686 2035 828 2102 voluptas:
846 2050 902 2088 son
914 2037 1008 2090 tamen
1019 2035 1126 2091 ridetur
1136 2052 1183 2090 so·

75 2173 77 2184 ,
158 2119 256 2188 'inpias
267 2135 327 2172 esse
343 2123 423 2172 actus
422 2113 617 2196 cogitationis,
628 2122 677 2170 aut
688 2133 795 2173 sensus.
831 2117 994 2170 Absurdum
1006 2115 1078 2181 enim
1091 2117 1182 2183 fuerit,

164 2201 188 2254 ιι
202 2201 231 2253 id
243 2199 360 2254 dicatur
384 2183 459 2264 Sed,
471 2204 614 2268 propterea
623 2199 733 2272 quod
711 2213 766 2252 non
778 2203 946 2268 separantur,
954 2196 1029 2251 idem
1041 2213 1100 2251 esse
1112 2213 1183 2262 non·
1219 2241 1226 2260 ,

163 2281 413 2336 nuliiesistiment.
450 2281 692 2349 Quemadmodum
712 2267 798 2349 igitur
816 2275 962 2361 dissimiles
982 2283 1047 2333 snut
1065 2281 1145 2386 inter
1151 2297 1181 2336 se
1212 2347 1214 2352 Α

167 2347 261 2418 actis:
279 2364 318 2420 sic
331 2366 535 2434 ctroluptates.
692 2409 694 2414 .
1229 2416 1234 2429 ,

201 2445 298 2499 Tertio
309 2446 392 2500 tradit
408 2446 564 2514 voluptates
582 2444 689 2499 differre
708 2445 826 2514 puritate
842 2447 870 2498 et
884 2441 1046 2512 impuritate
1063 2442 1183 2498 adhunc

24 2503 28 2584 ¹.
122 2585 128 2602 N
164 2525 302 2591 modum
314 2528 429 2582 sicntsa
446 2521 764 2581 babentintersesctus
764 2524 1043 2594 ,ιιιιιιοιιιριιιιι
1061 2540 1182 2596 quaese·

165 2612 355 2680 quantureos.
391 2593 725 2666 Atactusitssebabent
739 2609 864 2674 intes-se,
876 2606 965 2661 etalii
978 2607 1117 2676 sintpuri,
1137 2607 1184 2660 alii
1263 2639 1265 2648 ,

163 2691 300 2760 conpari,
319 2693 349 2744 ct
364 2689 410 2744 alii
430 2689 526 2758 magis,
543 2690 701 2745 aliiminus.
727 2691 804 2759 Ergo
821 2690 906 2744 etiam
918 2689 1114 2745 siosebabcnt
1135 2707 1185 2745 vo·

162 2772 292 2839 luptatas.
316 2771 462 2825 Declarat
473 2788 607 2826 minorem
616 2773 692 2842 quod
710 2777 825 2828 actuum
837 2774 883 2828 ιιιι
894 2773 967 2841 puri
984 2773 1030 2826 alii
1043 2774 1182 2862 nonpuri,

164 2855 194 2904 et
202 2851 248 2904 alii
259 2851 387 2918 puriores,
398 2853 444 2904 alii
453 2851 546 2903 minus
554 2853 634 2917 puri.
646 2857 679 2902 ut
690 2854 785 2903 differt
788 2853 899 2906 ridendi
911 2867 1032 2902 ιιιιιιιιι
1042 2857 1120 2904 tactu
1131 2871 1185 2920 pu·
1204 2905 1211 2926 „

165 2930 257 2995 nuta,
273 2930 442 2998 auditusque
451 2931 617 2983 etodomtus
629 2944 647 2981 ι
658 2932 778 2996 gustatu.
813 2927 946 2981 Similiter
961 2927 1045 2993 igitur
1056 2924 1185 2986 differunt
1278 2921 1285 2994 J

163 3013 376 3080 etroluptates:
396 3009 472 3064 stab
487 3009 529 3064 bis
546 3025 588 3062 ess
589 3024 674 3078 ‚qnae
685 3009 720 3062 in
732 3007 831 3063 mentis
841 3005 990 3075 agitatione
1002 3012 1145 3062 remeatur
1156 3017 1185 3066 ιι

73 3125 76 3132 ·
127 3146 130 3152 ,
163 3095 376 3164 ιιιιιιοιιιιιιιιι.
390 3090 710 3160 ctutrsqneinterse.

93 3212 96 3220 .
199 3175 307 3240 Quarto
325 3174 408 3227 docet
425 3173 579 3240 voluptates
585 3169 696 3224 'differre
709 3169 800 3239 specie
812 3185 850 3224 ax
870 3139 1027 3223 diversitate
1047 3169 1184 3238 subJ'ecto·

162 3272 222 3312 rum
224 3255 487 3326 ,primnmratione,
499 3252 782 3309 deindeindnctione
818 3251 891 3321 Nam
901 3252 971 3305 ratio
982 3255 1034 3317 cst,
1052 3251 1126 3342 qnod
1144 3253 1185 3309 di·
1284 3273 1287 3282 ·

162 3354 303 3395 versorum
318 3337 477 3392 animalium
489 3333 588 3390 diversi
603 3337 668 3386 suat
680 3335 768 3400 actus,
781 3317 850 3386 alius
869 3335 936 3386 est
924 3333 998 3386 enim
1011 3337 1089 3387 actus
1100 3333 1183 3390 u'nius

164 3421 298 3490 animalis,
310 3424 339 3472 et
350 3418 420 3474 elius
428 3415 551 3473 alterius.
580 3413 635 3490 Sed
648 3413 882 3486 quemadmodum
893 3429 922 3466 se
934 3412 1034 3466 babent
1047 3419 1134 3481 sotus,
1144 3418 1184 3472 sic

93 3527 97 3532 ·
164 3505 193 3556 st
204 3503 368 3570 voluptates.
405 3501 480 3569 Ergo
492 3499 646 3567 voluptates
662 3497 831 3550 dirersomm
843 3494 1001 3548 animalium
1014 3501 1076 3549 sunt
1094 3497 1184 3553 direr-

165 3581 366 3638 :evidetur
383 3581 458 3636 cuim
471 3597 522 3634 sua
532 3579 670 3650 cujusque
682 3577 817 3646 animalis,
829 3580 861 3630 ut
872 3581 901 3630 et
919 3592 1028 3644 munus,
1045 3580 1181 3651 voluptas.

164 3599 218 3720 Est
229 3663 304 3718 enim
316 3659 390 3717 actui
401 3667 586 3718 consentanea
596 3661 734 3732 cujusque
747 3658 894 3714 animantis
905 3661 1021 3729 propria.
1052 3661 1183 3717 Inductio
1204 3687 1207 3694 ·

72 3796 76 3804 .
165 3750 217 3813 est,
228 3745 303 3815 quod
315 3745 344 3799 id
355 3745 454 3798 etism
447 3761 475 3798 m
485 3743 608 3824 singuiis,
624 3744 722 3812 siquis.
728 3745 852 3811 spectare
869 3741 991 3809 voluerit,
1004 3743 1186 3812 perspicuum.
1249 3795 1255 3801 .

164 3843 226 3882 esse
238 3827 345 3896 poterit.
378 3825 441 3881 Alis
453 3827 527 3880 enirn
541 3841 607 3896 equs
598 3825 744 3894 voluptas
755 3827 807 3890 ost,
820 3823 873 3877 slis
884 3822 969 3889 canis,
979 3825 1033 3878 aiis
1048 3823 1180 3878 bominis:

164 3902 399 3980 quemadmodum
411 3907 450 3960 ait
462 3906 638 3962 Heraclitus.
655 3904 758 3959 Asinos
777 3907 926 3960 stramenta
936 3907 1026 3968 malie,
1039 3917 1122 3970 quam
1134 3917 1182 3957 au·

165 4005 243 4046 min:
252 3989 404 4059 jucundius
415 3987 489 4043 eninr
501 3993 544 4042 ιιι
552 3987 635 4046 asinis
631 3986 786 4064 pabulum,
797 4001 880 4056 qnam
891 4001 996 4040 eurum.
1029 3981 1104 4036 iilud
1116 3999 1181 4038 con·

165 4069 413 4142 antunnacum
424 4069 610 4142 ιιιιριιιιιιοιιι
625 4083 685 4138 sus,
704 4069 779 4142 qued
789 4079 977 4163 eorumquae
996 4063 1088 4132 specie
1104 4064 1181 4173 diffs-
