2836 4812
250 429 305 484 rao
489 407 1059 487 artu.n'1cc.commeur.'
1140 455 1141 460 κ
1252 469 1256 480 ,

249 539 316 602 dero
328 547 416 620 legem
428 551 559 614 universe,
574 552 605 602 ut
616 549 893 616 comprehendatnon
906 551 993 604 solnm
1001 550 1051 618 jus
1061 549 1221 607 Caesareum
1233 543 1263 606 el

249 625 442 688 Pontidcinm:
461 630 554 685 verum
568 631 651 685 stiam
660 631 838 700 Theologiarn
851 635 880 684 et
890 631 1099 699 Philosophiam,
1111 641 1140 684 et
1150 633 1263 688 habitus

248 729 346 770 omues
361 720 420 768 tum
432 713 645 780 contemplandi,
656 717 715 764 tum
729 713 836 780 agendi,
849 715 878 765 et
890 709 1029 765 hominnm
1042 714 1216 783 sapientium,
1229 731 1264 769 ac

246 797 422 866 prodentium
433 798 561 858 mentem,
572 794 630 846 imo
642 811 706 848 vero
717 794 800 874 simul¹
816 795 936 848 divinem
948 796 1157 864 providentiam,
1171 799 1200 850 el
1210 813 1262 852 vo-

245 877 387 937 luntatem,
399 873 524 942 etipsum
537 876 628 928 Deum
637 897 650 944 ;·
661 877 701 930 its
713 881 745 931 nt
756 877 801 932 lex
813 874 972 931 universalis
985 893 1067 931 omne
1078 877 1262 932 bonnmcon-

246 947 341 1020 tin'ent,
357 959 386 1008 et
397 955 431 1008 ab
440 956 491 1008 hac
502 963 633 1028 tanquam
649 961 684 1013 ab
698 951 835 1014 uberrimo
843 971 934 1014 rerum
945 959 1077 1014 bonarum
1087 961 1163 1014 tonte
1171 959 1262 1030 philo·

246 1037 349 1105 sophian
368 1039 563 1107 proficiscatur,
581 1059 664 1110 quum
680 1057 910 1110 nonagnoscere,
921 1047 1054 1113 tanquam
1072 1043 1263 1110 legistiliolem
1292 1033 1295 1040 ’
1403 1041 1404 1048 ’

166 1171 171 1176 ,
243 1119 396 1174 maximum
407 1123 496 1176 scelns'
509 1126 590 1177 esset.
628 1119 704 1178 Huic
715 1124 800 1193 igitur
810 1125 866 1193 legi
879 1123 1024 1193 subjicitur
1036 1125 1125 1182 omnis
1137 1125 1262 1192 scientia,

245 1199 333 1253 omnis
346 1203 439 1270 virtus,
457 1219 538 1258 omne
556 1206 613 1274 jns,
636 1211 697 1259 tum
712 1206 856 1275 paternum
873 1207 946 1260 inter
954 1210 1091 1275 parentes,
1110 1205 1257 1272 utlibems,

189 1296 191 1306 ·
243 1283 304 1334 tum
315 1285 498 1339 domesticum
508 1286 668 1352 interritos,
685 1292 714 1341 et
726 1304 836 1355 uxores,
845 1283 905 1342 tuin
915 1287 1081 1342 dominicum
1093 1289 1163 1343 inter
1174 1289 1269 1344 domi·-

244 1375 304 1429 nos,
314 1371 343 1420 et
352 1367 451 1435 seruch,
463 1374 523 1422 tum
535 1371 615 1424 civile
624 1372 697 1424 inter
710 1365 794 1438 cives',
802 1375 861 1425 tum
870 1371 1003 1437 naturale,
1012 1371 1144 1442 gentium,
1155 1376 1184 1425 et
1195 1372 1260 1440 legi·
1286 1439 1289 1446 ῃ

244 1445 362 1513 timum
380 1451 519 1520 inquibus
531 1453 580 1522 qui
598 1453 746 1518 excellunt,
759 1455 814 1505 veri
821 1453 1009 1520 jnrisconsulti
1022 1456 1097 1520 sunt,
1113 1467 1167 1506 nou
1177 1453 1258 1506 simu·

220 1569 222 1576 e
243 1527 340 1596 latam,
352 1534 400 1586 sed
410 1550 499 1588 reram
511 1535 707 1603 philosophiam
718 1535 884 1603 profitentes.
921 1535 1030 1590 Deinde
1040 1531 1259 1620 dico,'jurisphri-

244 1611 299 1674 tos,
311 1617 445 1679 quatenus
456 1614 548 1666 omnia
554 1614 620 1680 jura
631 1620 688 1665 tum
704 1612 805 1677 divine,
816 1618 876 1667 tum
892 1615 1013 1669 humana
1029 1617 1259 1686 contemplentur,

246 1693 436 1757 meccedem,
451 1710 484 1746 ac
495 1695 641 1764 sapientes,
653 1709 717 1748 cnm
732 1693 979 1765 jurisprudentiam
990 1693 1188 1753 nobilia‘Poeta
1199 1697 1257 1752 Etr-

245 1772 309 1824 nius
320 1774 480 1842 sapientiam
493 1777 669 1846 appellaverit
679 1778 709 1831 in
721 1779 795 1832 hunc
807 1778 933 1844 modum
957 1779 1098 1836 Pelliture
1114 1782 1205 1836 medio
1216 1797 1259 1834 sa-

243 1854 356 1924 pientia,
369 1858 395 1910 si
406 1854 509 1925 geritur
519 1877 573 1916 res.
604 1861 644 1914 Et
655 1859 789 1916 Horatius
800 1862 855 1928 sic';
873 1863 939 1918 Fnll
949 1862 1010 1918 hoec
1023 1865 1158 1934 sapientia
1168 1881 1254 1934 quorr-

244 1935 310 1989 dam
322 1935 436 1995 delicn
445 1943 557 2011 privetis
568 1959 718 2011 secernere,
729 1935 808 1999 sacra
817 1947 937 2016 profanis
946 1967 954 2010 ;
963 1953 992 2001 et
1000 1947 1096 2001 cinero
1106 1937 1256 2017 scripserit,
1285 1999 1289 2006 ,

243 2031 333 2072 unum
348 2021 495 2078 duodecim
505 2025 663 2080 tabularum
675 2027 799 2081 libellum
819 2029 988 2084 auctoritatis
1007 2024 1132 2099 pondere,
1144 2033 1173 2080 et
1184 2029 1258 2082 utili-
1333 2058 1339 2066 -

244 2103 310 2155 tntis
318 2104 443 2159 ubertlle
453 2123 581 2176 superare
592 2109 771 2173 bibliothecas
783 2110 1118 2182 omnes-philosophorum.
1154 2111 1256 2180 Itaque

242 2183 521 2255 iurisperilosrorsari
530 2192 558 2244 in
570 2193 697 2245 omnibns
707 2193 835 2260 gradibus
847 2195 1091 2264 legumqnetcnus
1103 2193 1257 2262 tales'leges

244 2267 383 2335 pertinent
393 2271 428 2322 ad
446 2274 552 2340 generis
563 2273 674 2326 humani
686 2275 895 2341 institutionem,
917 2281 947 2328 et
965 2269 1081 2330 tractare
1092 2277 1167 2343 leges
1176 2273 1256 2344 primi

144 2383 149 2393 ,
246 2349 355 2416 gradus,
368 2369 430 2420 quae
442 2355 595 2408 referuntur
607 2358 642 2410 ad
656 2355 778 2433 diginam
789 2357 997 2427 providentiam,
1009 2363 1038 2411 et
1046 2359 1121 2436 leges
1133 2356 1256 2422 secundi,

247 2445 311 2498 qum
330 2434 366 2485 ud
379 2434 463 2488 fetum
482 2435 584 2504 injure
598 2439 753 2507 pontificio:
769 2431 804 2493 'et
822 2442 895 2507 leges
907 2440 989 2510 tertii,¹
998 2439 1100 2508 positas
1111 2441 1139 2492 ln
1152 2444 1256 2504 nutura,
1308 2461 1315 2470 r

157 2499 161 2510 '
223 2561 227 2567 ,
247 2509 312 2563 dum
321 2513 369 2579 jns
380 2515 529 2587 explicent·
537 2520 679 2572 naturale:
699 2523 727 2572 et
743 2520 818 2588 leges
829 2519 930 2590 quarti,
939 2520 1099 2574 resolvendo
1110 2535 1157 2574 ess
1169 2521 1197 2574 in
1209 2535 1260 2575 rue

244 2589 376 2660 principia
387 2598 518 2664 usquead
531 2599 633 2668 Deum,
645 2602 763 2670 primum
776 2607 915 2654 auctorem
927 2602 1027 2668 legum,
1038 2605 1067 2652 et
1078 2587 1106 2653 ln
1118 2592 1169 2653 sna
1183 2602 1259 2669 prin·

189 2717 191 2722 .
244 2671 316 2741 'cipia
325 2675 459 2742 proxima,
471 2683 501 2732 nt
510 2680 539 2733 in
548 2681 672 2748 virtutes,
681 2688 710 2735 el
721 2682 822 2735 honum
833 2673 1084 2744 humanumoivile,
1096 2681 1170 2734 unde
1182 2681 1259 2736 colli-

176 2777 179 2784 2
244 2751 317 2822 gitur
327 2761 403 2811 recta
413 2761 484 2813 ratio
495 2762 667 2818 terendorum
678 2763 779 2831 legum.
813 2760 926 2815 Falsum
942 2762 1257 2830 enimestno'nconre·
1303 2797 1306 2804 ·

203 2891 208 2896 .
244 2835 311 2894 nire.
316 2837 481 2911 jurisperitis
499 2844 728 2914 legumlationem.
764 2845 846 2910 Nam,
855 2845 964 2898 tametsi
974 2844 1087 2915 quidam
1099 2843 1257 2914 Philosophi

243 2918 321 2990 leges
336 2925 465 2995 tulerunt,
477 2932 506 2982 et
518 2929 566 2998 jus
583 2929 662 2984 civile
679 2928 791 2999 prolessi
808 2931 884 2982 sunt:
903 2933 1006 2995 tomen,
1022 2927 1257 3006 quemadmodum

243 3010 328 3074 sutor,
340 3009 362 3083 si
379 3005 468 3064 artem¹
479 3011 795 3079 poeticam'proliteatnr,
806 3011 835 3066 in
848 3027 882 3064 ea
898 3025 955 3066 uon
967 3017 1051 3078 sutor,
1063 3013 1112 3065 sed
1124 3015 1209 3082 poeta
1216 3011 1258 3064 est

245 3093 436 3158 appellandus:
455 3093 495 3144 sic
514 3093 667 3166 philosophi
682 3095 730 3162 jus
750 3093 830 3148 civile
842 3096 981 3166 complexi
990 3096 1018 3149 in
1031 3110 1064 3149 eo
1075 3111 1130 3166 nou
1142 3095 1258 3165 philoso-

242 3167 300 3238 phi,
311 3173 358 3222 sed
366 3173 584 3240 jurisprudentes
593 3177 723 3230 censendi
730 3183 803 3244 sunt,
811 3183 844 3230 ut
853 3179 1089 3246 praeclarissimum
1101 3180 1192 3247 legunt
1201 3182 1258 3238 slus

243 3249 320 3302 dium
330 3257 577 3326 sppareat,a0ujus
588 3259 753 3326 professione
762 3277 798 3314 ne
809 3261 860 3329 ipsi
871 3262 981 3329 quidem
995 3261 1151 3330 Philosophi
1162 3259 1258 3321 ahhor-

241 3332 312 3395 rent,
323 3332 346 3382 si
359 3334 425 3400 quid
436 3336 553 3404 honoris,
563 3339 714 3405 dignitatis,
726 3341 878 3408 splendoris
890 3341 977 3394 velint
990 3335 1042 3394 sibi
1053 3355 1218 3407 comparare,
1228 3343 1257 3392 et

240 3419 297 3494 lion
312 3415 447 3480 perpetuo
462 3419 490 3470 in
503 3420 627 3473 sordibus
643 3421 797 3474 solitudinis
812 3421 980 3493 delitescere.
1015 3421 1127 3471 Falsum
1143 3433 1254 3486 quoquc
1284 3489 1289 3500 ¹

240 3493 339 3542 esteos
351 3499 671 3568 nonresolverelagesln
681 3515 731 3552 sua
742 3499 893 3570 principia:
912 3499 1052 3551 resolvunt
1070 3499 1143 3552 enim
1160 3513 1207 3552 ess
1223 3501 1253 3553 irr

235 3570 369 3640 justitiam
381 3581 502 3633 omnium
514 3583 645 3636 virtutum
658 3582 815 3651 principem,
824 3585 852 3634 et
863 3580 891 3632 in
899 3580 1015 3648 justitiae
1028 3587 1175 3650 praecepta,
1186 3593 1251 3653 qnae

239 3657 306 3732 nunt
323 3652 437 3712 honesto
456 3661 553 3731 vivere,
567 3660 681 3719 altorum
700 3677 754 3716 non
773 3662 884 3732 laedere,
892 3663 940 3731 jus
952 3677 1032 3716 snum
1044 3664 1194 3734 unicnique
1206 3667 1253 3718 tri·

199 3805 203 3812 ,
236 3733 330 3801 huere,
340 3742 369 3791 et
379 3738 407 3792 in
419 3741 500 3794 suum
514 3746 604 3812 finem,
617 3750 649 3799 nt
660 3745 689 3798 in
700 3745 802 3797 bonurn
814 3743 940 3797 omnibns
952 3759 1108 3810 commune,
1122 3747 1150 3800 in
1163 3749 1251 3815 ipsam
1265 3783 1271 3796 .

165 3799 172 3826 ¹
238 3813 408 3887 Mnilatem,
419 3823 448 3874 in
459 3822 549 3889 ipsum
562 3823 662 3881 Deum.
697 3827 874 3896 Tantumque
887 3826 972 3892 abest,
984 3832 1017 3880 ut
1029 3828 1083 3882 sint
1094 3827 1254 3898 lrrdignino-

143 3923 147 3932 ¹
180 3957 185 3966 ⁸
239 3898 313 3954 mino
329 3899 564 3972 Philosophorum,
583 3912 617 3959 ut
635 3894 727 3978 polius
749 3909 806 3964 veri
826 3907 978 3978 philosophi
996 3909 1171 3964 existimandi
1190 3909 1252 3972 sint,

239 3983 346 4038 etiamsi
357 3987 467 4054 propter
475 3997 649 4045 communem
664 3991 811 4046 utilitatem
824 3991 943 4045 maximo
953 3998 1094 4046 versentur
1104 3993 1131 4043 in
1143 3991 1252 4044 consul-

238 4053 389 4122 tdtionibus
397 4063 543 4137 etjudioiis
550 4065 699 4134 dirigendis
706 4092 713 4135 ;
725 4091 789 4143 quse
799 4075 887 4129 civilis
887 4073 1017 4136 scientie
1029 4085 1090 4140 pars
1102 4083 1156 4122 non
1169 4069 1254 4124 debet

238 4149 391 4210 fixistimati
401 4151 502 4220 infimo,
509 4161 561 4202 neo
572 4147 675 4202 famula
686 4156 918 4225 sut-pedissequa,
928 4170 992 4236 enm
1003 4151 1038 4206 ad
1047 4164 1109 4204 enm
1118 4153 1254 4221 pertineas
