2806 4796
253 405 290 462 u
508 397 612 454 eur.
637 396 755 454 arco.
780 378 1028 456 commuue.

609 607 674 675 ur·
687 607 849 677 carun
870 608 915 675 v.
942 563 944 570 ’

238 829 241 834 ,
288 763 388 824 Paruo
400 770 463 823 loeo
474 765 548 819 redit
557 761 736 834 philosophus
745 765 781 819 ad
792 768 969 838 propesitum,
979 769 1012 820 ut
1022 766 1143 822 declaret
1153 765 1220 836 quid
1232 767 1268 820 sit
1284 786 1288 793 ·

250 846 385 915 ielicitas3
401 851 430 910 et
441 847 508 904 dicit
513 861 572 902 non
584 846 642 902 sine
654 845 759 899 ratione
769 846 878 920 aliquos
888 851 984 918 putare
994 846 1154 922 felicitatem
1162 862 1222 900 ease
1230 862 1267 900 err

242 923 397 1000 ''generibnr
407 921 483 994 vitre,
500 944 557 983 nou
568 927 718 983 utillomm
728 928 825 996 probet
841 926 1007 998 opinionem,
1019 931 1068 996 ¹sed
1085 933 1118 982 ut
1135 928 1268 998 significet

253 1031 302 1070 eor
319 1015 412 1085 eliqua
431 1011 544 1078 ratione,
561 1013 584 1066 si
600 1026 655 1066 non
668 1024 742 1077 vera,
758 1013 788 1064 at
801 1013 899 1066 saltem
919 1013 1062 1083 apparenti
1080 1013 1179 1080 duem
1198 1026 1266 1066 esse.

242 1093 350 1164 'Addit
358 1112 426 1164 ,oum
437 1097 537 1166 triplex
548 1093 584 1147 eit
594 1094 659 1148 uitae
671 1108 768 1162 genus,
780 1095 855 1162 quod
866 1094 988 1148 maxime
1006 1095 1125 1160 excellit,
1134 1089 1281 1164 plebeios,

220 1211 229 1222 —
243 1182 280 1256 ‚et
289 1168 470 1256 nequissimos
479 1176 601 1232 homiues
611 1191 750 1228 summum
758 1173 902 1242 honumin
911 1192 1011 1246 genere
1020 1176 1174 1245 voluptario
1185 1173 1268 1232 collo-

205 1304 208 1310 .
242 1277 329 1333 care:
351 1278 410 1317 esse
421 1264 514 1316 tamen
524 1257 723 1327 mancipiorum
743 1274 852 1327 proreua
866 1259 979 1326 similer,
990 1262 1021 1314 et
1030 1259 1169 1330 pecudum
1179 1257 1282 1312 uitam*
1375 1261 1379 1270 ’

248 1333 417 1410 praeeligere.
447 1340 588 1394 Postremo
597 1333 637 1389 ait
648 1331 710 1389 illos
719 1335 790 1390 hanc
805 1353 930 1392 caussam
946 1339 1056 1407 habere,
1069 1339 1144 1410 ¹quod
1155 1337 1271 1392 videant

182 1421 185 1430 '
248 1417 374 1488 homines
385 1423 511 1493 potentes
521 1416 614 1472 vivere
626 1415 734 1471 deditos
745 1418 892 1488 voluptati,
902 1423 935 1473 ut
947 1421 1173 1489 Sardanapalum.
1201 1417 1266 1472 Jam

250 1501 343 1574 opinio
351 1504 390 1558 ,de
399 1503 542 1574 voluptate
551 1505 594 1555 est
605 1500 726 1554 maxime
737 1503 902 1570 communis,
911 1507 940 1555 ct
950 1503 1115 1572 longissime,
1123 1501 1268 1574 latissime·

249 1586 321 1655 que;
337 1582 515 1656 pervulgate:¹
532 1581 560 1636 id
579 1582 705 1656 circoque
721 1583 812 1651 prima
828 1585 1001 1652 petractatur.
1037 1581 1171 1636 Definivit
1181 1583 1266 1636 Arist.

184 1677 186 1680 '
248 1668 297 1722 lib.
308 1670 332 1722 l.
368 1663 525 1721 Rhetoricae
538 1665 716 1746 voluptatem,
724 1671 757 1719 ut
768 1666 803 1719 ait
813 1667 898 1718 motio
910 1665 1002 1730 citimi,
1010 1668 1039 1718 et
1048 1663 1208 1718 constitutio
1219 1679 1266 1718 su·

249 1745 318 1815 hita,
330 1767 363 1804 ac
378 1747 511 1802 sensibilia
521 1748 550 1800 in
561 1751 755 1800 statunaturae
772 1737 948 1816 congruentis
970 1747 1032 1802 Cic.
1043 1746 1090 1800 lib.
1102 1751 1129 1799 2
1141 1746 1177 1799 de
1187 1745 1264 1798 finib.

251 1837 286 1886 ut
296 1833 332 1886 eit
339 1829 483 1901 jucundus
492 1835 593 1894 motus,
605 1844 661 1901 quo
672 1845 768 1884 senene
779 1829 917 1884 hilaratur.
941 1829 1022 1884 Idem
1036 1828 1119 1882 tradit
1131 1828 1266 1894 voluptrii

249 1915 320 1976 dues
330 1930 375 1968 rea
385 1913 493 1983 subjici,
502 1913 626 1968 laetitiam
636 1912 666 1964 in
676 1913 776 1979 animo,
785 1917 814 1966 et
822 1912 1034 1988 commotionem
1045 1891 1265 1977 suaricm'jucun-

250 1995 345 2051 ditatis
354 1997 383 2052 iu
394 2013 517 2068 corpore.
528 1991 595 2052 etin
607 1999 634 2050 4.
643 1994 728 2050 Tusc.
739 1995 833 2050 scribit
843 1998 934 2064 partes
945 1993 1094 2064 voluptatis
1105 2007 1181 2056 eace;
1198 1991 1263 2046 Ma-

244 2075 432 2162 involutam,
448 2093 511 2149 quae
529 2082 572 2132 est
581 2079 707 2146 voluptas
724 2094 761 2131 ex
777 2076 849 2130 malo
860 2075 981 2141 alterius,
999 2069 1058 2128 eine
1076 2073 1263 2138 emolumento
1331 2089 1336 2094 ·

180 2197 184 2208 ·
249 2176 316 2216 ano:
329 2161 347 2215 J
349 2162 522 2227 notationem,
535 2177 598 2230 quee
608 2164 650 2214 est
658 2162 785 2227 voluptas
793 2161 912 2227 gestiens
924 2160 954 2212 s'e
964 2157 1077 2212 efferens
1087 2153 1266 2210 insolentius:

249 2242 470 2310 delectationem,
481 2257 543 2309 quae
556 2243 598 2290 est
609 2238 738 2302 uoluptas
750 2239 873 2288 animum
885 2239 1025 2290 deleniens
1042 2235 1177 2290 suavitate
1188 2237 1266 2290 audi·

230 2335 231 2338 ’
248 2322 404 2389 lus,‘uisns,
422 2323 583 2383 tactionum,
600 2317 802 2380 odorationum,
819 2330 955 2383 saporum.
973 2316 1057 2370 Arist.
1070 2316 1161 2370 tradit.
1176 2315 1223 2370 lib.
1235 2321 1263 2371 2.

136 2443 140 2452 ,
250 2402 346 2457 Ethic.
364 2399 399 2454 ab
416 2397 532 2453 infantia
542 2398 713 2470 voluptatem
730 2397 760 2450 in
779 2392 906 2450 omnibus
922 2395 1079 2454 inolevisse:
1100 2401 1129 2452 et
1146 2387 1265 2466 appellat

253 2499 315 2538 eam
328 2488 413 2546 ratde
424 2481 627 2551 ἐγκεχρωσμένον
643 2483 681 2546 τῷ
690 2479 740 2546 βίῳ
752 2480 781 2532 et
790 2477 837 2532 lib.
853 2483 894 2532 lo.
908 2477 947 2531 ait
957 2493 1016 2532 ease
1026 2481 1145 2534 maxime
1157 2482 1265 2536 affinem

251 2567 345 2634 generi
355 2553 485 2618 humano.
521 2562 621 2630 Itaque
632 2560 673 2624 fit,
690 2562 724 2613 ut
739 2575 775 2613 ex
787 2559 928 2628 voluptate
939 2558 1079 2628 quoddam
1094 2562 1160 2616 vitre
1178 2549 1279 2630 genus'

248 2637 399 2702 'exoriatur
423 2643 512 2708 Quod.
518 2642 617 2696 attinet
628 2641 663 2694 ad
675 2641 739 2694 vitae
751 2639 862 2710 genera,
876 2639 955 2693 Plato
966 2641 996 2694 in
1006 2641 1120 2696 Philebo
1131 2643 1265 2712 triplicem

251 2727 337 2782 uitem
348 2729 558 2792 commemorem
576 2733 660 2778 unam
671 2737 804 2777 suavem:
823 2723 936 2776 alteram
947 2723 1068 2779 tristem:
1087 2724 1195 2778 tertium
1205 2741 1265 2780 me-

251 2808 334 2864 diam.
369 2809 487 2886 Primam
507 2821 544 2860 ex
562 2807 717 2874 voluptate:
736 2803 886 2858 secundam
897 2820 934 2858 ex
945 2804 1085 2860 molestia:
1102 2807 1210 2862 tertium
1229 2802 1267 2862 e‘x

252 2896 387 2960 utreqne;
404 2904 520 2961 quarum
538 2885 628 2956 prima
643 2885 748 2940 nemini
766 2889 896 2956 perpetua
907 2886 1002 2974 datpr:
1022 2885 1071 2939 sed
1088 2889 1132 2942 vel
1144 2890 1267 2956 secunda
1323 2923 1327 2930 ‹

135 2991 138 2998 ·
178 3013 181 3020 ,
236 2973 355 3052 homini
367 2971 539 3035 conceditnr;
556 2969 598 3024 rel
610 2967 698 3034 tertia,
710 2969 784 3038 quod
801 2983 962 3036 expressum
972 2971 1015 3021 est
1026 2967 1100 3037 apud
1114 2967 1269 3026 Homerum

91 3083 93 3086 ·
151 3121 153 3124 Ι
251 3053 300 3110 lib.
309 3055 362 3111 uit.
373 3055 456 3111 Iliad.
474 3051 523 3106 nbi
535 3052 666 3105 dicuntur
679 3049 773 3117 jacere
784 3049 813 3102 in
822 3048 918 3102 limine
929 3047 1007 3102 Jovis
1016 3051 1077 3104 lotor
1087 3053 1167 3122 vrttes,
1183 3053 1267 3121 ἔτερος

249 3146 345 3204 κακῶν,
356 3141 438 3206 ἕτερος
449 3136 474 3186 dt
486 3137 560 3198 ἐάων,
572 3137 601 3186 et
614 3148 678 3186 cum
696 3132 819 3185 homines
829 3133 990 3199 nascuntur,
1002 3131 1067 3185 inde
1079 3131 1188 3186 extrahi
1205 3131 1266 3188 tuni

204 3266 209 3277 ,
251 3215 498 3282 bonatumrnala,
506 3230 570 3284 quae
581 3213 694 3284 quidem
702 3214 755 3268 illia
764 3230 801 3268 ex
812 3213 952 3268 voluntate
963 3203 1267 3280 lovisconreniuntae
1311 3247 1316 3258 ·
1363 3277 1370 3289 ‚

252 3296 359 3353 nemini
369 3297 453 3352 tribui
464 3291 522 3352 sola
536 3296 617 3361 hona,
629 3296 677 3353 aed
689 3297 825 3367 nonnullis
836 3295 895 3349 sola
905 3294 987 3357 mala,
1004 3299 1032 3348 et
1043 3293 1102 3345 uliis
1114 3293 1186 3348 bona
1201 3312 1267 3363 cum

194 3403 197 3410 ·
252 3381 333 3437 malis
350 3377 488 3452 permista.
523 3375 604 3431 [dem
616 3377 661 3431 lih.
673 3381 699 3431 9.
712 3377 747 3430 de
757 3378 828 3444 Rep.
846 3374 928 3452 docet
943 3372 1077 3442 triplicem
1094 3387 1153 3427 esse
1164 3376 1249 3454 vitam
1257 3401 1284 3448 ;Δ

149 3485 154 3494 ’
252 3478 338 3520 unam
362 3461 613 3530 contemplationisr
640 3459 754 3512 alteram
774 3452 971 3508 contentionis:
997 3451 1107 3510 tertiam
1129 3459 1266 3524 averium

169 3595 173 3604 ,
251 3545 364 3625 propter
378 3547 433 3598 tres
444 3543 527 3598 animi
538 3543 691 3602 facultates,
699 3534 879 3603 intelligendi,
891 3535 1032 3603 irascendi,
1041 3540 1265 3608 concupiscendi.

251 3629 337 3684 Arist.
350 3625 398 3681 lib.
408 3632 434 3681 7.
469 3623 646 3680 Politicornni
658 3619 743 3679 vitam
755 3618 901 3672 humanam
914 3615 1011 3672 dividit
1026 3618 1056 3672 in
1071 3621 1161 3687 otium¹
1169 3639 1266 3678 eorum

159 3711 163 3718 '
253 3707 567 3779 quieontempletionem
576 3703 738 3774 sequuntur,
749 3704 778 3753 et
789 3699 928 3767 negotium
939 3715 1042 3769 eorum,
1054 3703 1266 3772 quiiuactioni·
1362 3735 1369 3745 ι

251 3789 305 3844 hes
315 3795 474 3844 versantur:
484 3787 570 3842 otium
580 3787 662 3851 enim,
673 3777 724 3838 nisi
737 3779 861 3856 addatur,
869 3782 915 3835 vel
927 3780 1051 3850 nimium,
1061 3785 1112 3838 vel·
1118 3789 1208 3855 turpe,
1219 3787 1266 3840 vel

252 3869 364 3944 aliquod
373 3872 448 3926 aliud
459 3869 624 3942 hujusmodi,
636 3869 665 3922 in
677 3863 777 3922 boum
789 3869 895 3936 partem
907 3865 1047 3935 accipitur.
1080 3866 1148 3940 ¹Hoc
1158 3869 1192 3922 in
1202 3869 1266 3924 lccc

217 3967 225 3984 ⁸
250 3953 458 4026 praecipitem
468 3943 602 4021 triplicem
614 3943 706 4014 vitem,
718 3964 781 4028 quae
793 3946 915 4000 maxime
927 3948 1039 4004 excellit
1046 3969 1055 4014 3
1065 3948 1265 4022 voluptariam:

251 4039 375 4094 civilem:
394 4035 422 4088 in
435 4031 665 4100 contemplatione
677 4031 802 4099 positam.
838 4029 945 4082 Eodem
963 4030 1045 4083 modo
1064 4029 1206 4083 Mamilius
1217 4031 1264 4084 Fi-

251 4115 526 4180 cinusiu'limreum
535 4125 621 4166 unam
632 4102 802 4167 veneream:
820 4109 1090 4166 alteram-socialem:
1100 4111 1208 4178 tertiam
1221 4127 1264 4186 sc·
