2784 4804
251 395 306 463 ιιι
491 401 595 468 ιιι.
620 407 744 469 noce.
771 371 1021 468 condonat.
1048 397 1075 404 ''

251 511 449 596 adjuratione
461 531 509 594 eat,
519 531 551 582 nt
559 531 673 594 ametur,
683 545 749 602 ergo
759 531 787 584 in
797 545 839 597 eo,
849 532 881 582 ut
892 532 998 583 ametur
1007 493 1150 600 prircipue
1159 527 1275 586 videtur

251 608 343 675 posita
353 625 412 664 eaae
424 612 552 665 amicitia:
565 613 659 664 tamen
669 605 926 680 poetearcapoudet,
935 610 1098 663 seutentiam
1108 609 1277 666 Aristotelia

249 703 345 745 veram
357 707 430 757 eaae;
447 691 573 756 Primum,
586 690 652 758 quia
663 693 782 746 amicitia
797 707 845 760 per
856 706 976 745 amorem
988 690 1174 755 coustitutum
1186 699 1280 748 amor·

250 775 342 832 autem
354 778 396 826 eat
406 773 475 826 actio
486 771 617 826 amantia:
636 771 747 840 deinde,
759 774 823 844 quia
834 772 956 826 amicitia
965 776 1007 826 eat
1017 784 1093 838 uana,
1106 775 1134 825 et
1142 771 1277 826 cilicium

249 855 369 921 virtutim
386 858 415 907 et
423 868 487 906 uaua
497 852 604 908 urtntia
615 868 681 908 cum
693 854 884 923 praeelectione
897 854 1074 922 adjunctum
1091 855 1121 906 ct
1130 853 1277 920 praeelec-

160 943 165 964 ¹
246 935 285 990 tio
297 934 408 1004 wanlia,
419 936 501 1003 atque
512 935 631 988 amantia
649 936 706 998 eat;
722 935 840 1003 ideoque
852 935 936 988 amici
949 931 1187 1001 commendantur,
1199 933 1273 1002 quia

245 1017 425 1082 congruenter
442 1013 570 1082 diligunt,
587 1016 726 1092 ncn'qula
743 1013 913 1081 diliguntur:
935 1015 1052 1085 denique
1064 1013 1141 1083 quod
1154 1013 1184 1066 in
1196 1013 1271 1070 ami·

244 1096 309 1150 eilia
323 1095 380 1150 duc
398 1095 614 1168 concremetur,
628 1109 747 1165 quorum
760 1109 847 1148 unum
864 1092 908 1148 eal
923 1095 1042 1161 dilectio,
1058 1096 1087 1146 et
1103 1093 1268 1163 approbatio
1369 1135 1370 1176 ἢ

46 1176 52 1190 ’
157 1229 163 1242 ,
243 1178 386 1247 probitatis
397 1171 677 1233 amatiralterumeat
688 1177 817 1246 probitas,
828 1179 858 1229 et
866 1175 1031 1230 loecuuditaa
1042 1175 1125 1229 animi
1137 1177 1266 1243 amantia,
1369 1225 1370 1230 ,

243 1274 300 1332 qua
307 1259 385 1329 cupit
396 1259 491 1323 officia,
502 1262 531 1312 et
540 1258 676 1314 beneficia
683 1261 784 1312 cuncta
792 1257 821 1312 in
833 1259 952 1311 amicum
964 1258 1099 1322 conterre3
1116 1273 1172 1311 nou
1181 1271 1263 1313 mous

244 1357 277 1396 aa
288 1340 368 1395 Deua
378 1341 408 1394 in
419 1343 500 1394 recte
505 1340 617 1394 allectae
627 1342 775 1416 creaturae,
786 1343 815 1392 et
824 1339 956 1408 Princeps
972 1339 1000 1393 in
1010 1337 1152 1407 populum,
1163 1337 1191 1391 in'
1203 1353 1261 1408 quo

244 1423 367 1478 amando
374 1423 541 1477 collocatum
548 1425 591 1476 eat
598 1437 766 1490 precipuum
775 1420 902 1486 officium
913 1423 942 1474 et
950 1419 1116 1488 potrcrratro
1124 1420 1260 1486 amrmtroe,

245 1509 617 1578 quodquemanatexamcre
628 1501 772 1568 diligentia,
783 1517 847 1554 cum
856 1518 893 1555 ex
904 1518 947 1566 cc,
961 1502 1033 1570 quod
1043 1501 1261 1584 amicumdiligi

243 1581 827 1656 mancupiamuaiueumbeneficiaconterre.
838 1573 1257 1653 Eximltposteadubitauoneni.

243 1671 408 1738 caedamur,
418 1668 526 1718 dumex
536 1663 616 1733 copia
623 1664 750 1728 amantis,
757 1666 787 1718 et
793 1657 976 1720 foecunditate
986 1671 1081 1720 manat
1082 1667 1258 1737 ,expouiria

242 1752 350 1801 amante
362 1746 493 1813 majorem
505 1745 713 1814 perfectionem:
732 1747 909 1814 et„quamvie
924 1747 1065 1816 objectum
1078 1749 1113 1801 ait
1123 1753 1255 1820 praeetam·

240 1829 295 1882 aim
309 1826 438 1892 amicitia,
454 1830 548 1880 lamen
560 1842 617 1880 non
635 1829 678 1891 eat
693 1829 812 1882 officium
826 1829 938 1896 objecti,
957 1829 1004 1882 aed
1021 1831 1141 1884 muneris
1151 1829 1257 1892 teneda

239 1909 312 1962 circa
323 1907 475 1977 objectum,
492 1923 556 1977 quae
572 1908 685 1978 quidem
702 1909 819 1964 amantis
837 1913 893 1976 eat;
911 1914 941 1964 et
957 1912 987 1964 in
997 1927 1026 1966 re
1041 1911 1276 1982 amata'quidpm

240 1989 430 2046 consideratur
442 1988 602 2058 praestantia
612 1989 724 2058 objecti,
741 1992 770 2044 iu
781 2007 873 2046 amore
884 1995 976 2046 autem
995 1985 1108 2046 amantia
1118 1993 1255 2060 reperitur

240 2073 410 2142 principatur
421 2071 645 2126 constituentium
653 2072 768 2128 formam
780 2073 908 2128 amicitiae
919 2091 983 2146 quae
996 2090 1069 2128 amor
1076 2073 1184 2144 quidam
1196 2078 1251 2130 cat.

241 2155 330 2210 addit
340 2153 512 2222 Aristotelea,
529 2170 594 2208 cum
603 2153 692 2223 magia
709 2156 829 2210 amicitia
840 2155 876 2210 ait
888 2157 919 2211 in
934 2173 976 2225 co,
988 2161 1020 2212 ut
1031 2160 1112 2224 amet,
1127 2158 1157 2210 ct
1165 2156 1254 2212 etudi-

240 2240 281 2294 osi
296 2231 448 2292 amicorum
461 2236 617 2305 laudentur,
631 2239 758 2294 uncum
776 2240 927 2294 amicorum
938 2241 1049 2296 videtur
1067 2255 1167 2294 amare.
1190 2239 1253 2294 Pic-

239 2322 409 2378 colamineua
427 2320 594 2375 veronna.
612 2336 675 2389 cap.
695 2325 736 2376 14.
753 2317 878 2392 disputat
895 2317 1016 2391 pluribus
1027 2311 1205 2392 verbia„quid
1216 2318 1253 2374 ait

163 2463 170 2480 x
239 2403 422 2474 praestantiae,
439 2418 576 2468 amurcae,
594 2419 631 2456 ιιι
642 2404 742 2458 amari:
762 2409 791 2459 et
802 2406 867 2458 illud
880 2407 989 2459 tandem
1003 2404 1187 2473 disputatione
1202 2417 1253 2458 aua

237 2486 356 2550 conficit,
373 2483 445 2552 quod
464 2499 539 2536 amor
550 2484 698 2554 dupliciter
707 2486 905 2550 consideratum
922 2487 1010 2554 primo
1024 2483 1107 2540 modo
1118 2485 1253 2552 absalme,

237 2571 270 2620 ut
280 2567 352 2618 actio
363 2564 488 2631 amanlis,
498 2563 614 2634 ejusque
626 2566 741 2631 affectio,
753 2571 782 2619 et
791 2567 832 2618 alc
842 2568 864 2618 ai
876 2568 976 2634 probus
988 2566 1076 2628 fuerit,
1089 2572 1137 2620 eat
1145 2568 1253 2634 perlec-

185 2648 186 2657 ’
236 2648 285 2711 tio,
297 2647 319 2699 ai
331 2647 471 2714 improbus
482 2643 772 2716 imperfactioamautia
781 2667 788 2698 :
798 2645 1010 2700 secundomodo
1023 2647 1095 2698 lacta
1105 2662 1250 2714 compara-

169 2787 172 2800 ,
236 2728 584 2802 tioneinter·praaatantiam
599 2729 723 2794 amantia,
738 2731 767 2780 et
776 2727 816 2780 rei
825 2731 934 2790 amatae,
945 2729 973 2780 et
983 2727 1031 2793 alc,
1043 2742 1107 2780 com
1118 2742 1196 2782 amor
1206 2743 1247 2782 ex

227 2811 341 2880 'duplici
351 2810 426 2866 fonte
444 2812 554 2879 oriatur,
573 2811 699 2866 nimirum
708 2825 744 2864 ex
755 2809 843 2878 copia,
862 2814 891 2862 et
901 2825 937 2863 ex
947 2807 1050 2878 inopia,
1062 2809 1100 2876 id,
1111 2809 1159 2862 cui
1170 2823 1249 2869 com.

221 2894 307 2964 -petit
323 2895 469 2966 cupia‚.eat
486 2895 674 2964 praestantius:
691 2891 731 2960 id,
748 2892 793 2946 cui
803 2891 906 2962 impia,
923 2891 1070 2960 ignobilius
1074 2911 1083 2956 3
1099 2893 1130 2945 ct
1139 2891 1256 2960 meritc,

236 2980 300 3047 quia
311 2995 344 3034 aa
353 2982 442 3050 copia,
452 2979 498 3032 vel
510 2978 569 3046 ejus
580 2976 753 3046 participatio
765 2976 870 3034 obtinet
886 2977 976 3030 locum
989 2974 1125 3044 optabilis,
1137 2977 1167 3028 et
1177 2975 1247 3031 linia.

236 3062 275 3117 Et
282 3065 362 3134 copia
370 3075 563 3127 nonnunquam
572 3061 601 3112 iu
614 3062 672 3114 aolo
682 3063 793 3115 amante
802 3061 943 3129 reperitur,
951 3062 983 3114 ut
991 3059 1076 3125 Deua,
1085 3059 1253 3130 quiabonus·

70 3188 77 3198 .
184 3145 191 3155 ‘
210 3195 213 3204 ,
236 3139 286 3208 c'at,
297 3147 398 3198 cuncta
409 3145 490 3204 creat,
502 3145 539 3206 et,
550 3143 618 3210 quia
629 3141 722 3196 bouua‘
730 3141 847 3196 amando
858 3143 972 3211 perlicit,
984 3145 1013 3194 et
1023 3140 1062 3196 sic
1074 3141 1252 3210 amaua‘praee

232 3225 319 3278 fertur
329 3225 429 3277 amato.
450 3221 455 3230 '
466 3222 671 3291 Nonnunquam
682 3224 817 3293 reperitur
827 3225 855 3278 in
864 3240 893 3276 re
903 3227 994 3277 amata
1005 3224 1090 3292 primo
1099 3225 1181 3278 modu
1189 3234 1244 3282 noo

163 3334 167 3340 -
234 3307 363 3371 tanquam
375 3301 403 3355 iu
419 3319 448 3356 re
458 3303 610 3372 principali,
628 3306 677 3358 aed
689 3309 821 3374 tanquam
833 3303 866 3358 in'
876 3305 988 3358 materia
999 3305 1152 3359 neccssaria
1163 3303 1197 3357 ad
1214 3303 1245 3358 li·

140 3387 166 3428 ‘.
234 3397 296 3436 nem
306 3382 522 3450 adipiscendum
533 3388 561 3438 ct
568 3383 929 3454 tanquaminreaxeitanle
937 3389 966 3438 ct
974 3385 1013 3436 sic
1022 3399 1117 3438 amans
1125 3390 1167 3440 ert
1175 3401 1245 3456 prae·

234 3463 349 3518 stantior
361 3470 461 3532 amatu,
473 3470 506 3520 ut
515 3467 641 3520 Socrates
653 3481 749 3520 amana
766 3465 910 3534 pulchrum
923 3465 1096 3520 Alcibiadem
1108 3470 1250 3523 excitaba-

117 3565 120 3574 *
234 3551 279 3600 tm
289 3546 324 3600 ad
335 3561 431 3600 verum
443 3547 596 3617 pulchrum,
612 3550 642 3600 et
654 3547 766 3610 bunum,
777 3550 806 3598 et
817 3560 865 3613 per
875 3546 957 3598 talem
969 3547 1171 3605 excitationem
1169 3566 1239 3620 prm

235 3629 324 3684 stabat
340 3634 441 3685 amato
476 3631 604 3686 Secundo
618 3628 701 3683 modo
718 3627 876 3703 tanquam'
868 3642 896 3680 ιι
912 3643 941 3681 rc
959 3629 1112 3698 principali,
1130 3638 1163 3687 ut
1180 3634 1247 3692 dum

151 3766 156 3774 ,
233 3715 357 3766 creatura
366 3715 444 3764 amat
451 3717 609 3778 creatorem,
621 3711 679 3764 et
659 3727 697 3764 arc
709 3724 751 3763 rea
762 3711 852 3763 amata
865 3709 1013 3778 praefertur.
1040 3713 1254 3796 Nonnunquam.

232 3793 399 3863 inutraque,
412 3797 548 3864 quatenus
566 3783 754 3866 unusquisque
765 3807 859 3847 eornm
871 3795 913 3846 eat
925 3809 1030 3859 amana,
1048 3801 1077 3852 et
1089 3789 1202 3862 amatus,
1214 3805 1245 3852 at
1264 3853 1266 3856 ,

232 3877 354 3930 emanet
365 3889 420 3931 non
432 3875 520 3932 nolum
532 3873 651 3968 copiam,
663 3877 713 3930 aed
723 3875 824 3928 etiam
816 3875 946 3945 mopiam,
963 3877 1022 3928 et
1002 3892 1041 3931 ιιι
1052 3878 1131 3942 ambo
1142 3876 1241 3942 partim
1275 3881 1283 3886 “

230 3963 368 4029 praestant,
376 3961 476 4030 partim
485 3957 596 4020 cedunt,
605 3957 732 4012 nimirum
741 3962 872 4028 praestant
882 3959 986 4012 ratione
994 3975 1090 4028 coplae
1102 3958 1131 4008 et
1138 3950 1251 4010 cedunt¹

230 4042 356 4094 ranem
348 4043 457 4110 inopiae.

237 4119 371 4188 Quarto
376 4119 463 4177 tradat
471 4116 618 4176 amicitiam
628 4068 791 4176 contutari
788 4123 919 4190 amando,
930 4137 992 4194 quae
1002 4119 1093 4176 etiam
1090 4115 1248 4195 -lnaequalea
