2784 4804
219 381 275 437 too
394 369 993 450 ,lnn.u1cc.uouuuuu.
1094 377 1097 384 '

222 499 302 556 butio
319 513 376 554 uon
397 499 429 556 bt
449 509 501 570 per
524 501 649 556 sumtum
670 499 814 562 internum,
833 499 865 550 ut
883 491 1070 561 inemortbu's
1092 487 1238 543 interdurn

139 627 145 646 .
220 583 328 640 tutior
338 581 536 652 ocantursibi
547 582 575 632 in
587 593 707 633 umorem
718 591 809 647 puem
824 590 879 628 uon
890 583 1136 650 concentonem
1153 566 1242 620 rebo-

220 667 330 718 mentor
338 671 419 728 suet,
430 662 494 718 nihil
505 661 620 716 sonasse
630 661 734 718 bsbeus
743 653 946 726 dignumrquod
955 652 1070 706 emetur.
1099 646 1243 704 Secundo

221 743 305 798 modo
315 759 378 797 cum
388 741 526 796 retributio
542 755 604 793 non,
615 742 647 794 iit
664 756 753 794 rerum
765 743 951 800 externorum,
969 736 1002 787 ut
1018 745 1092 798 serpe
1111 727 1243 782 medus

220 825 342 892 queritur
349 824 383 876 de
393 822 519 886 smuioro,
529 820 604 888 quod
615 837 680 874 cum
691 821 765 889 psius
773 817 929 888 promiserit
939 804 1149 877 omnis,‘tutuen
1161 807 1240 860 nihil

220 918 322 966 comm,
341 915 404 968 qum
415 900 576 968 promiserit,
588 900 706 954 exsolvit
727 897 851 954 omnino.
889 895 923 949 ld
934 889 1130 950 dicitevenire
1148 886 1242 940 solere

219 1062 256 1116 tis
267 1063 415 1114 motorum
424 1075 497 1124 :uec
506 1062 616 1130 utrique
623 1059 673 1112 iliu
685 1059 794 1112 udsun't.
831 1057 871 1113 Et
883 1053 1074 1110 oliirmuthnno
1084 1065 1146 1114 esse
1158 1063 1239 1104 otus·

219 1157 288 1207 sm,
303 1157 364 1206 our,
375 1157 442 1196 oum
453 1142 574 1196 smioitis
584 1140 629 1214 his
636 1142 671 1210 de
683 1140 787 1196 cousus
803 1138 955 1192 constituto
972 1135 1016 1197 sit,
1028 1131 1193 1190 dissocietio.
1205 1133 1237 1182 et

219 1223 368 1288 obtectio,
379 1227 464 1293 utque
477 1223 619 1280 dissolutio
629 1225 767 1290 sequntur,
778 1219 853 1288 qnod
862 1217 953 1272 minos
964 1216 1085 1271 existent
1096 1228 1138 1275 eo,
1149 1211 1236 1281 uoui-

129 1297 131 1304 ’
219 1307 374 1362 bnscsusro
386 1304 606 1375 profecturorum
617 1302 762 1370 diligendi:
781 1316 838 1354 non
849 1299 924 1374 enim
932 1295 1087 1350 seinvicem
1099 1293 1233 1356 emmor,

180 1391 189 1408 ¹
218 1387 268 1442 sed
279 1403 343 1456 queo
354 1388 478 1451 mersor,
487 1391 519 1439 et
530 1385 729 1455 suppetebunt;
746 1399 810 1453 qum
829 1382 957 1450 quonium
975 1380 1083 1434 infirmo
1094 1381 1166 1440 sunt,
1183 1389 1233 1429 nec

219 1469 338 1534 stubilio,
347 1469 432 1524 etium
443 1468 570 1530 amicitior
579 1470 644 1519 runt
654 1466 766 1518 ioflrmae
778 1479 831 1518 uec
843 1463 963 1516 stabiles.
1000 1461 1099 1529 itaque
1109 1458 1232 1516 differunt

223 1550 259 1604 sb
279 1565 313 1604 es
332 1550 461 1611 amicitie,
476 1563 558 1614 quum
577 1561 688 1598 morum
705 1542 855 1598 similitudo
874 1543 1007 1596 bonorum
1031 1537 1230 1608 conglutinavit,

221 1615 284 1700 duae
295 1631 424 1698 quonium
433 1645 482 1696 per
492 1643 521 1680 se
533 1631 584 1690 cst,
594 1629 746 1694 permonet,
759 1628 787 1677 et
804 1626 897 1689 duret,
912 1630 946 1678 ut
963 1629 1047 1694 supru'
1064 1629 1169 1694 quoquo
1179 1633 1230 1674 ex·

219 1711 337 1776 positum
350 1712 400 1760 est
434 1706 530 1760 Tertio
541 1707 632 1773 modo,
647 1722 713 1760 cum
725 1707 756 1762 lit
767 1705 881 1776 quidem
892 1707 1043 1769 retributio,
1055 1706 1103 1758 sed
1119 1701 1174 1757 non
1188 1715 1233 1756 es·

217 1803 276 1842 rum
287 1801 387 1850 rorum,
407 1801 472 1855 quoe
483 1790 663 1854 expetuntur,
674 1793 707 1840 ut
719 1788 742 1842 si
752 1803 827 1844 unus
843 1789 945 1859 quterit
955 1787 1109 1851 utilitatem,
1126 1791 1157 1838 et
1167 1785 1234 1849 ultor

218 1867 404 1930 subministret
414 1867 583 1936 voluptutem
595 1867 673 1922 Dicit
686 1869 761 1922 enim
771 1869 952 1940 Philosophus
963 1869 1076 1940 periodo
1093 1883 1154 1921 esse
1166 1876 1200 1929 so
1212 1865 1235 1919 si

217 1950 285 2006 nihil
293 1951 369 2005 fieret
377 1951 500 2017 omuino,
512 1967 576 2006 cum
588 1952 625 2019 id,
636 1955 712 2022 quod
724 1954 831 2020 volunt,
840 1969 896 2007 non
903 1958 1115 2023 consequuntur.
1145 1952 1236 2006 offert

217 2032 378 2102 exemplum
388 2029 751 2102 ciibsroedicujusdem,cui
761 2011 1235 2107 is,qiripromiseratqnuntomo‘liuo

218 2119 340 2181 uoueret,
351 2119 430 2175 teuto
447 2131 477 2168 se
489 2115 570 2192 pigre
589 2115 726 2184 daturum,
738 2133 819 2171 mune
836 2121 995 2187 promissam
1008 2115 1163 2170 mercedem
1173 2115 1235 2168 exi·

221 2198 298 2264 genti
309 2199 477 2266 uoluptatem
488 2213 518 2250 se
527 2213 578 2265 pro
588 2199 732 2270 voluptate
743 2199 893 2266 reddidisse
904 2199 1060 2268 respoudit:
1078 2197 1152 2268 quod
1164 2195 1236 2250 siout

219 2278 392 2332 oithtroedus
402 2277 503 2343 vorbis,
511 2283 540 2332 et
551 2281 734 2335 contiunoniio
745 2297 808 2338 eum
817 2281 989 2343 oblectasset,
1000 2282 1039 2333 itu
1049 2281 1074 2333 is
1083 2277 1235 2333 citheroedo

221 2360 338 2416 uicissim
347 2359 443 2426 verbis,
452 2365 480 2414 ot
489 2359 733 2429 pollicitationibus
743 2364 912 2431 voluptutem
921 2350 1070 2416 attulisset:
1084 2363 1183 2428 dequo
1192 2374 1235 2412 tr-

221 2446 396 2510 gnmentutur
404 2441 592 2511 Philosophus,
603 2445 679 2512 quod
691 2444 713 2497 si
724 2444 798 2498 idem
808 2447 921 2514 uterque
933 2444 1023 2506 vellet,
1031 2443 1063 2495 id
1072 2447 1162 2496 esset:
1183 2441 1235 2496 sed

222 2523 246 2575 si
258 2521 325 2574 uite'r
341 2523 510 2589 voluptutem
522 2524 685 2593 requirebat,
695 2526 762 2579 ulter
772 2527 886 2588 lucrum,
898 2540 952 2576 uon
963 2529 1046 2586 recte,
1059 2535 1150 2590 neque
1161 2537 1236 2590 pree·

220 2603 292 2657 olore
309 2603 345 2655 ud
364 2605 523 2658 societatem
537 2606 688 2671 occidebat,
703 2610 738 2658 ut
748 2605 872 2672 voluptas
882 2619 929 2671 pro
941 2605 1081 2668 voluptate
1099 2604 1231 2655 duretur:

220 2685 293 2746 nuru,
310 2683 409 2751 quibus
421 2684 535 2752 quisque
554 2691 626 2755 eget,
642 2685 677 2738 ud
688 2685 747 2738 haec
760 2684 878 2736 animum
890 2682 972 2736 etium
984 2680 1067 2734 hebet
1078 2685 1230 2746 attentum,

208 2767 370 2834 'eorumque
381 2767 532 2833 grutisslle,
543 2783 607 2837 qum
620 2767 709 2828 babet,
719 2765 832 2818 dutnrns
843 2768 896 2819 est.
996 2767 999 2772 ’
1209 2761 1216 2782 ¹

253 2845 349 2900 Tertio
360 2849 465 2918 querit,
484 2849 572 2903 utrius
583 2851 618 2902 sit
629 2847 793 2902 constituere
811 2844 1018 2900 estimationem
1035 2841 1232 2914 retributionis,
1295 2865 1300 2868 ·

221 2928 326 2996 eJusne,
336 2931 383 3000 qui
392 2933 465 3002 prius
478 2931 562 2995 dedit,
570 2945 606 2983 un
617 2927 687 2998 ejus,
700 2930 749 3000 qni
759 2929 837 2998 prius
845 2929 963 2998 occepit:
976 2932 1005 2981 et
1016 2921 1232 2998 urgumentstnr,

222 3010 257 3063 ud
274 3027 337 3065 eum
355 3014 488 3081 pertinere
504 3013 586 3063 telem
604 3011 824 3079 aestimationem,
843 3011 888 3064 oni
907 3010 1028 3080 permisit
1039 3011 1073 3075 is,
1087 3009 1134 3077 qui
1145 3007 1231 3060 dedit.

220 3091 261 3144 At
273 3093 308 3157 ei,
320 3093 368 3161 qui
378 3091 494 3156 occepit,
506 3090 637 3158 permisit.
661 3091 750 3146 Affert
760 3085 920 3160 exemplum
932 3092 1097 3160 Protagorae,
1108 3089 1157 3159 qui
1168 3104 1233 3141 curn

221 3173 366 3233 docuisset,
384 3169 459 3235 quod
470 3171 496 3221 ei
510 3171 623 3223 tundent
631 3172 723 3226 visum
735 3180 816 3238 esset,
828 3190 902 3237 eum,
913 3173 961 3242 qui
973 3174 1114 3238 didicerat,
1124 3169 1241 3224 ridebut'

219 3248 365 3310 rosumere,
378 3250 473 3314 quenti
483 3265 543 3302 esse
556 3249 713 3304 viderentur
721 3269 763 3317 eo,
774 3270 838 3322 quoe
847 3254 939 3323 sciret,
948 3259 1112 3324 tantumque
1129 3251 1232 3305 suime-

219 3329 275 3380 but.
311 3325 400 3379 Alteri
411 3345 519 3400 quoque
530 3333 722 3388 anctoritatem
734 3334 860 3399 Hesiodi,
871 3336 1023 3402 scribentis,

426 3449 532 3507 barrile?
546 3451 600 3516 trtpt
610 3451 667 3514 pile
675 3450 787 3514 εἰρημένος,
797 3452 866 3515 ὅμως
876 3453 944 3502 inu.

427 3527 498 3576 Dicto
510 3529 562 3577 viro
572 3521 702 3577 mercer'ub
713 3526 796 3584 surico,
807 3527 839 3574 sit
847 3527 907 3605 sutis
916 3527 1000 3591 amplo.
1048 3581 1049 3586 ,

193 3693 195 3700 ,
211 3689 215 3697 .
239 3681 242 3694 ·
255 3647 351 3714 idest,
369 3651 393 3703 si
407 3655 467 3722 quir
481 3673 546 3712 cnm
561 3660 663 3713 certem
675 3653 829 3710 mercedem
844 3658 943 3724 pectus
954 3655 1037 3711 inerit
1051 3659 1164 3724 nullum,
1184 3674 1232 3726 spo

221 3736 311 3788 tumen
324 3738 455 3800 mercedis
467 3738 567 3794 ductus
577 3741 693 3796 ultorum
705 3753 796 3808 opero,
808 3743 857 3794 sut
866 3755 895 3792 ro
903 3739 1016 3808 juverit,
1029 3741 1055 3794 ei
1067 3743 1133 3795 sutis
1144 3742 1234 3809 ample

220 3825 325 3868 meroes
339 3827 399 3867 esse
414 3816 533 3886 debebit,
546 3837 610 3891 queo
622 3839 639 3874 e
654 3822 712 3876 viro
730 3818 827 3888 emico,
845 3821 892 3890 qui
911 3820 1023 3889 adjutus
1040 3822 1135 3887 inerit,
1147 3822 1230 3884 dicto,

221 3901 305 3966 utque
317 3898 491 3965 pronuntiato
502 3900 546 3952 sit.
572 3902 644 3954 Nsm
656 3902 779 3970 proiecto
791 3899 839 3956 eut
848 3908 930 3972 puoto
938 3907 981 3956 est
993 3919 1105 3968 meroes,
1118 3907 1167 3954 sut
1175 3913 1231 3952 non

221 3981 312 4042 puoto.
347 3977 472 4052 bipuoh,
481 3983 505 4031 ‘o
516 3983 598 4047 puoto
613 3993 670 4034 non
681 3985 935 4043 es'trecedendom:
953 3987 1046 4040 sinon
1057 3987 1148 4055 pects„
1157 3983 1232 4034 sisn-

222 4057 289 4116 duur
301 4063 345 4116 est
354 4057 608 4127 restimutiouiejns,
620 4061 668 4130 qui
678 4066 826 4134 occeperit,
843 4072 875 4121 ut
883 4068 974 4122 stobut
985 4069 1145 4134 Protagoras
1156 4060 1233 4118 reoli·
