2806 4796
371 427 415 484 ιιι
442 429 528 486 orn.
549 427 609 486 ιιι.
639 427 797 520 nrnro.
824 381 999 496 Aaron(
1090 459 1091 464 ι
1147 439 1185 492 ιε
1241 473 1251 483 .

168 555 200 606 et
210 549 286 620 iram.
320 547 367 602 Sic
374 550 562 619 unusquisque
573 565 672 618 pravus
682 551 810 619 ignorans
821 553 886 619 egit,
899 567 956 605 non
967 555 1060 606 tamen
1072 537 1183 620 propter

169 630 361 699 ignorantiam,
372 631 421 684 sed
430 635 539 699 propter
550 630 729 699 pronitatem:
747 633 901 700 ignorantia
910 633 993 698 enim,
1002 649 1065 701 quae
1078 633 1183 701 praeeli-

168 716 251 788 gitur,
262 716 291 766 et
303 717 348 766 eat
359 729 450 782 prevae
462 714 656 782 dispositionis,
667 721 722 768 non
734 715 816 768 allicit
827 715 964 770 inritnmz
987 721 1016 770 at
1030 715 1183 781 ignorantie

167 798 237 865 ejus,
256 797 332 866 qnod
347 800 455 864 oportet
470 811 559 865 agere,
577 797 606 850 id
624 801 675 864 cst,
693 797 761 864 ejus,
778 801 852 868 quod
863 811 926 852 vere
942 799 1011 853 utile
1030 801 1080 860 est,
1094 797 1119 851 'a
1127 798 1183 852 rire

154 869 251 948 *pravo
270 878 445 947 praeeligitur,
462 881 590 949 quicum
612 875 770 949 postitium
788 882 993 949 ignoraretum
1005 879 1074 934 scire
1086 895 1183 934 rerum

167 960 279 1025 bonum,
292 961 428 1030 prmeligit
438 962 628 1028 ignorantiam,
645 977 696 1016 nec
710 962 790 1016 bonis
808 965 963 1018 actionibus
973 963 1066 1018 oculos
1079 964 1181 1032 aperit:

165 1059 230 1112 ergo
241 1043 304 1096 talis
321 1037 477 1113 ignorantia
494 1059 549 1098 non
567 1045 648 1098 efficit
658 1044 784 1109 inritum,
796 1045 845 1098 sed
859 1045 1023 1114 improbum.
1037 1057 1041 1070 ’
1060 1045 1183 1099 Piccolo·

167 1126 272 1179 minens
284 1125 331 1180 lib.
342 1129 370 1177 2.
388 1141 448 1193 eap.
462 1129 503 1178 ll.
538 1127 556 1155 ‘⁴
567 1126 658 1193 Agere
670 1141 719 1195 per
730 1125 864 1179 inscitiam
877 1129 928 1193 est,
940 1129 1051 1196 qnando
1068 1129 1129 1195 ipsa
1140 1127 1183 1181 in·

164 1207 298 1260 scitiaest
309 1207 438 1276 princeps
454 1221 559 1272 caussa,
576 1207 750 1278 quamobrem
762 1207 790 1260 id
809 1223 937 1275 agamus:
959 1213 996 1276 et,
1006 1210 1061 1262 nisi
1077 1209 1184 1262 adesset
1291 1238 1306 1252 ‚,

167 1289 284 1354 inscitie,
297 1304 352 1344 non
370 1305 513 1356 egeremus
523 1305 540 1343 :·
550 1289 712 1341 iusoiantem
732 1292 824 1344 eutem
843 1305 922 1358 agere
934 1293 977 1344 ert
994 1291 1197 1354 communium-

167 1369 258 1440 ornnii
267 1372 349 1436 enim,
361 1371 410 1442 qui
422 1371 479 1439 agit
490 1385 540 1439 per
550 1369 696 1438 inscitiem,
707 1376 750 1424 cst
765 1372 883 1427 inscius:
903 1377 932 1426 ei
942 1388 996 1426 non
1008 1379 1102 1438 contre
1109 1393 1117 1438 ;
1133 1388 1183 1426 re-
1210 1363 1223 1376 “

166 1455 218 1508 loti
229 1449 275 1524 qni
287 1471 338 1523 per
355 1453 434 1519 iram,
453 1471 502 1524 per
520 1453 689 1524 ebrietatem,
701 1471 752 1526 per
763 1454 863 1508 vitium
880 1455 984 1523 aliquid
999 1460 1093 1521 egum,
1103 1455 1183 1508 inscii

166 1537 278 1606 quidem
299 1542 380 1592 sont:
399 1554 454 1591 non
474 1541 567 1594 tamen
587 1553 637 1606 per
653 1537 789 1592 inscitiam
810 1537 840 1590 id
850 1536 966 1604 saciant,
978 1537 1026 1589 sed
1039 1537 1134 1588 vitioso
1146 1535 1184 1588 al-

163 1619 237 1673 ieotu
246 1621 346 1677 mentis
354 1621 442 1674 aciem
453 1625 634 1689 pervertente,
641 1622 684 1675 vel
693 1621 889 1685 obumbranle;
901 1619 972 1674 adeo
979 1605 1010 1672 ui
1018 1633 1073 1677 non
1086 1618 1191 1686 decep,
1242 1628 1244 1642 ¹

164 1703 204 1754 tio
215 1702 436 1770 perturbationis,
448 1706 476 1754 et
488 1703 557 1757 vitii:
577 1702 625 1756 sed
636 1708 732 1758 contra
744 1703 922 1775 perturbatio,
934 1701 1072 1766 ei'ritium
1084 1701 1183 1768 decep·

165 1782 248 1834 tionis
257 1783 312 1833 sint
323 1783 458 1834 caussae.''
473 1784 567 1836 Tertia
575 1785 712 1838 conclusio
724 1791 775 1852 est,
788 1785 978 1854 Ignorantiam
988 1782 1186 1846 universatem,

168 1865 198 1914 et
209 1862 292 1913 nimis
307 1861 401 1922 letam,
413 1863 565 1928 cujusmodi
576 1869 620 1918 est
633 1883 674 1931 ea,
690 1883 774 1935 quarn
786 1868 981 1922 iurisconsulti
997 1859 1183 1936 ignorantiam

162 1941 237 2011 juris
257 1941 406 2009 appellant,
425 1955 482 1994 nou
503 1944 606 1996 efficere
627 1935 753 1999 invitum.
795 1948 902 2010 Quarta
924 1954 976 2013 cst,
994 1949 1179 2014 ignorantiam
1221 2009 1227 2018 ⁸

165 2027 239 2092 tecti,
251 2043 315 2097 quoe
332 2031 375 2080 est
393 2027 466 2081 circa
482 2027 638 2094 singularia,
652 2030 757 2083 ratione
773 2033 953 2099 quarumdam
966 2028 1181 2085 circumstantia·
1253 2073 1260 2080 .

165 2125 237 2175 rum,
250 2110 355 2164 efficere
367 2111 494 2174 inuitum,
506 2113 539 2162 nt
555 2111 577 2162 si
590 2111 661 2178 quis,
672 2115 773 2180 putans
786 2127 815 2164 se
826 2112 931 2164 hostem
949 2113 1083 2171 occidere,
1095 2112 1184 2165 filium
1253 2169 1256 2176 ,

159 2192 318 2246 interficiat.
355 2190 575 2244 Piccolomineus
588 2191 684 2245 eodem
692 2191 721 2244 in
733 2193 811 2256 loco;
824 2193 910 2244 “Non
928 2192 1016 2244 omnis
1028 2193 1182 2260 ignorantia

165 2273 312 2326 constituit
322 2275 451 2340 ἀκούσιοι.
462 2275 535 2342 quod
551 2273 637 2327 invite
654 2274 758 2328 lactum
778 2288 838 2328 esse
850 2275 965 2328 dicitur:
983 2275 1041 2338 sed,
1054 2273 1180 2345 quodad
1219 2297 1221 2300 ·
1271 2323 1273 2328 .

161 2357 353 2410 remnostram
372 2356 498 2424 pertinet,
511 2356 592 2409 trium
611 2372 701 2410 rerum
719 2357 872 2424 ignorantia
891 2357 1056 2411 considerari
1073 2360 1180 2426 polest3

112 2457 117 2461 ·
159 2437 280 2509 primunr
300 2437 369 2506 ejus,
388 2439 463 2506 quod
482 2434 605 2506 expedit,
623 2441 652 2490 et
669 2425 801 2494 cond'ncit
817 2438 852 2490 ad
864 2437 1065 2507 assequendum
1078 2437 1194 2490 finemz.
1221 2455 1227 2478 ι

98 2521 105 2530 “
163 2521 262 2575 deinde
272 2520 358 2588 ipsine
369 2520 542 2574 uniuersalis:
562 2520 682 2589 denique
693 2520 959 2596 circumstantiarum
971 2520 1093 2574 actionis.
1131 2519 1179 2587 lg·
1272 2519 1276 2526 ⁴

151 2601 284 2675 ,notantia
302 2600 456 2672 ejusqnod
474 2602 599 2672 expedit,
618 2607 647 2656 et
666 2599 872 2668 conducit,·non
883 2603 975 2657 reddit
986 2603 1122 2658 actionem
1133 2603 1176 2654 in-

158 2687 214 2739 vite
225 2685 346 2738 teclam?
365 2686 424 2739 lraec
437 2686 509 2738 enim
523 2687 623 2740 dicitur
633 2685 788 2754 ignorantia
798 2686 833 2739 ed
851 2685 1079 2740 consultationem
1092 2686 1176 2754 perti-

157 2783 236 2840 nens,
257 2785 320 2838 quae
337 2769 517 2838 improbitatis
534 2774 577 2823 cst
594 2762 812 2824 caesariensi
832 2769 932 2840 siquis
949 2769 1069 2832 diceret;
1090 2769 1175 2833 Quod

156 2850 252 2904 virtuti
262 2851 402 2914 conducit,
410 2849 458 2903 est
468 2852 618 2920 optandum
630 2868 637 2904 ι
651 2856 680 2903 et
690 2854 822 2920 surripere
834 2851 950 2904 alienam
963 2852 1108 2918 pecuniam
1119 2850 1174 2902 vlr-

156 2933 212 2986 tnti
222 2931 366 2987 conducit:
380 2948 445 2998 ergo
456 2937 498 2986 est
506 2935 670 3001 optendums
684 2934 743 2986 haec
755 2936 797 2984 est
805 2931 914 2982 inscitie
926 2931 995 2994 ejus,
1006 2931 1079 2996 quod
1089 2945 1173 2998 expe·
1189 2947 1193 2952 ’

156 3015 207 3066 dit.
241 3012 287 3063 lta
299 3027 407 3080 quoqne
423 3013 532 3066 inscitia
544 3013 705 3065 universalis
716 3027 772 3064 non
789 3010 880 3062 reddit
891 3010 1028 3060 actionem
1040 3009 1170 3060 inritum:

155 3095 240 3148 homo
253 3092 325 3142 enim
338 3092 448 3144 rationis
459 3108 569 3160 compos
583 3095 711 3144 moralem
722 3093 845 3160 editurus
855 3089 990 3144 actionem
1002 3089 1106 3143 ratione
1118 3091 1172 3142 nti·
1185 3129 1188 3132 -

155 3181 212 3240 tur,
225 3172 306 3240 cnjus
317 3171 381 3224 dnae
392 3172 541 3238 praecipuae
557 3176 623 3232 sunt
637 3172 846 3237 enuntiationes,
857 3187 913 3225 nna
925 3174 1087 3238 communis,
1105 3187 1169 3242 queo

30 3247 39 3262 ’
117 3303 122 3312 ,
153 3255 256 3324 dirigit,
275 3255 360 3307 altera
378 3253 522 3320 singularis
538 3253 698 3306 contrahens
713 3253 747 3306 ed
765 3254 929 3323 singularem
941 3257 1085 3309 actionem.
1121 3257 1169 3310 ln-

154 3339 234 3393 soitia
245 3335 317 3390 illius
329 3335 483 3389 communis
494 3351 548 3387 non
565 3334 654 3388 reddit
669 3336 803 3389 actionem
820 3333 951 3404 invitem
968 3339 1053 3408 ueluti
1070 3339 1166 3410 siquis

151 3421 270 3484 diceret;
291 3418 373 3484 Quod
392 3417 563 3486 voluptatem
581 3417 666 3483 effert,
681 3424 722 3470 est
737 3420 903 3486 optandum:
925 3424 954 3471 ut
971 3432 1042 3473 mors
1060 3421 1165 3475 inimici

149 3503 317 3570 voluptatem
330 3500 422 3553 affert:
435 3513 502 3566 ergo
513 3500 649 3568 oplanda;
667 3498 815 3552 includitur
826 3501 854 3553 in
866 3501 917 3553 hac
928 3491 1173 3568 argumentatione

150 3583 258 3636 inscitia
269 3581 407 3651 pertinens
422 3582 458 3636 ad
477 3581 657 3635 universalem
676 3581 908 3656 enunciationem,
920 3600 982 3652 quoe
995 3601 1050 3638 non
1069 3586 1162 3652 reddit

82 3705 86 3710 .
150 3663 416 3719 actioneminritem.
442 3664 524 3718 Ratio
533 3669 582 3730 est,
593 3665 668 3734 quia,
677 3670 711 3719 ut
720 3666 852 3719 debemus
864 3683 1026 3735 cognoscere
1037 3669 1076 3737 id,
1085 3672 1160 3740 qnod
1228 3659 1230 3668 ’

145 3746 272 3815 expedit,
284 3747 538 3822 etpreeeligendnm
548 3750 606 3801 ert:
624 3747 664 3799 ita
675 3747 808 3813 debemus
825 3765 988 3818 cognoscere
1002 3754 1160 3821 universale,

148 3835 177 3882 et
193 3844 229 3881 ea
244 3827 399 3896 cognitione
416 3823 541 3882 instructi
552 3829 684 3882 debemus
702 3829 833 3883 accedere
850 3832 884 3884 ad
901 3836 1046 3900 agendum.
1072 3835 1159 3900 ,Reli-

145 3927 231 3980 quum
248 3909 342 3979 itaque
359 3913 410 3974 est,
420 3917 452 3962 nt
467 3911 525 3964 sola
541 3911 694 3986 ignorantia
707 3912 872 3980 singulorum
890 3918 1109 3972 concurrentium
1121 3919 1157 3971 ad

146 3993 291 4057 actionem,
306 3993 336 4045 in
347 3991 447 4068 quibus
460 3993 555 4060 positae
575 3998 640 4046 sunt
655 3994 868 4050 oirotmstantias
888 3983 1036 4065 actionim,
1056 3981 1157 4058 consnss

145 4077 206 4126 tuat
220 4075 357 4128 actionem
373 4074 460 4128 invite
471 4073 600 4129 racemi*
635 4074 740 4140 Quinta
758 4083 807 4144 est,
818 4079 1154 4150 'circumstantiaslruma-

145 4166 243 4211 nerum
254 4158 393 4214 actionum
404 4173 465 4214 esse
477 4161 591 4230 septem,
602 4159 646 4214 vel
658 4163 729 4230 octo,
741 4160 764 4214 si
781 4160 917 4232 illusque
929 4163 1037 4226 dicitnr,
1049 4160 1154 4229 inquo,

359 4251 366 4268 ¹
583 4267 585 4274 ·
865 4253 868 4260 ’
974 4254 996 4293 ιι
