2806 4796
302 431 305 438 ⁴
390 391 989 478 inmannnnrcssnnnsm'
1146 424 1206 517 27¹
1254 412 1276 470 1

167 543 252 600 initio
264 545 353 596 antem
365 543 497 598 traditum¹
511 547 562 608 est,
573 543 655 596 tinem
667 559 701 598 eo
714 541 934 612 praestantiorem
947 555 1017 604 ease,
1026 552 1081 610 quo
1091 544 1179 609 poste·

168 625 224 680 rior
234 627 289 684 est;
308 621 381 676 unde
392 618 572 702 philosophus
589 623 628 678 sic
639 627 828 694 argumentum
842 624 919 680 ducit
930 643 938 688 ς
949 623 1081 676 Omnium
1094 637 1181 681 rerum
1282 693 1287 704 1

166 706 333 774 agendarum
352 711 401 759 unt
419 723 491 760 unns
512 711 554 760 est
572 707 644 773 finis,
663 711 712 760 aut
723 709 823 777 plnres.
862 705 933 760 Cum
946 705 1040 774 plures
1052 703 1116 771 sint,
1128 719 1183 758 uon

165 803 260 843 omnes
279 792 344 862 sunt
362 787 483 857 perfecti.
520 787 596 858 Ergb
611 791 652 844 vel
664 805 737 846 unns
754 792 797 844 est
814 788 960 858 perlectus,
973 789 1017 841 vel
1034 787 1143 856 plurem
1161 786 1185 838 si

166 884 239 924 nnus
252 874 295 923 est
304 869 451 938 perfectus,
470 871 494 924 is
507 871 559 929 erit
569 871 718 927 humanum
734 872 895 926 bononensi
907 869 1113 938 plurea,horum
1125 883 1186 938 per-

122 943 126 960 *
166 951 342 1012 lectissimus.
378 951 473 1004 Utitur
491 953 689 1020 praetereahoc
705 954 886 1020 argumentop
902 951 983 1016 Quod
996 965 1085 1022 perne
1098 953 1186 1017 eape-v
1255 978 1258 985 ·

166 1032 282 1105 tendum
294 1037 345 1097 est,
357 1036 386 1084 et
403 1049 545 1103 nunqnam
555 1031 670 1104 propte'r
682 1034 767 1098 alind,
778 1033 924 1104 perfectius
934 1035 977 1085 est
987 1048 1029 1098 eo,
1038 1031 1113 1102 quod
1124 1047 1184 1084 mo·

163 1113 201 1167 do
213 1111 325 1182 propter
341 1129 380 1178 se,
392 1113 473 1168 modo
488 1118 597 1188 propter
617 1115 693 1170 aliud
712 1115 898 1184 expetendum
916 1113 1033 1167 ridetur.
1069 1113 1109 1166 At
1124 1112 1184 1166 leli·

162 1191 234 1264 citas
246 1212 356 1265 semper
371 1200 480 1266 propter
492 1213 520 1251 se
528 1187 689 1266 'expetenda
706 1201 757 1267 est,
769 1197 855 1250 honor
867 1211 938 1258 vero,
949 1196 1084 1263 voluptas,
1094 1209 1183 1256 mens,
1249 1224 1255 1230 -

166 1283 196 1333 et
207 1279 296 1334 omnis
312 1276 407 1348 uirtus,
417 1279 500 1332 modo
516 1273 627 1349 propter
643 1295 681 1348 se,
693 1280 776 1334 modo
787 1277 995 1356 propternlind2
1006 1281 1037 1330 ut
1048 1292 1129 1346 snpra
1140 1281 1185 1329 eat

169 1361 354 1416 declaratum:
367 1361 443 1430 Ergo
454 1361 570 1414 felicitas
581 1365 624 1414 est
638 1360 782 1430 perfectior
797 1361 867 1424 dnn,
881 1375 967 1432 quam¹
976 1359 1073 1422 bonor,
1081 1359 1183 1428 'volup-

166 1448 219 1510 tas,
228 1459 314 1506 mens,
333 1448 363 1496 et
379 1444 469 1496 omnis
489 1445 580 1499 antus.
625 1441 765 1498 Dubitant
788 1441 972 1512 explicatores
990 1441 1024 1494 de
1044 1439 1185 1504 felicitato¹
1224 1499 1227 1506 Ι

163 1541 231 1595 quae
243 1533 297 1580 n'on
309 1526 420 1582 videtur
431 1525 526 1596 expeti
545 1529 653 1595 propter
665 1543 705 1592 se,
718 1525 766 1580 sed
784 1528 894 1596 propter
909 1515 1056 1588 hominem,
1068 1528 1101 1580 ut
1119 1521 1185 1575 felix

166 1607 297 1662 reddatur
306 1624 318 1680 ².
334 1611 363 1661 et
375 1609 409 1662 de
424 1586 538 1676 bonore,
556 1609 707 1682 voluptate,
724 1612 827 1680 mente,
845 1604 923 1660 omni
940 1605 1049 1670 virtute,
1062 1619 1124 1673 quae
1136 1619 1186 1656 ex·
1272 1647 1277 1658 ,
1367 1672 1370 1681 Ι

165 1692 301 1758 petuntur
313 1707 419 1759 semper
436 1693 546 1760 propter
557 1690 704 1745 hominem.
728 1693 781 1766 'At
792 1689 882 1743 omnia
898 1687 1030 1742 eximitur
1041 1685 1184 1752 dubitatio,
1291 1726 1295 1735 ,

167 1771 192 1823 si
204 1771 310 1824 dicatur
323 1773 462 1840 duplicem
480 1789 539 1826 esse
550 1775 642 1842 tinem,
655 1789 749 1842 unum,
763 1773 812 1844 qui
827 1771 984 1842 acquiritur,
997 1769 1122 1834 alternet,
1137 1769 1185 1846 cui
1248 1775 1255 1784 ”

171 1850 329 1917 aequiritur.
362 1854 535 1908 Aristotelem
547 1872 610 1910 vero
619 1857 694 1926 loqui
705 1855 740 1910 de
752 1857 814 1920 line,
833 1856 882 1925 qui
893 1853 1050 1924 acquiritur.
1083 1851 1183 1921 Itaque

170 1925 331 1984 felicitatem
343 1935 436 2000 expeti
443 1950 549 2000 semper
557 1943 666 2005 propter
673 1954 702 1989 se
709 1955 716 1992 :
724 1939 854 1990 bonorem
862 1953 938 2003 vero,
947 1939 977 1990 et
985 1936 1090 2004 reliqua
1098 1951 1185 2004 quan·

168 2011 264 2083 doque
272 2014 383 2080 propter
392 2027 431 2077 se,
440 2011 492 2062 hac
500 2015 612 2076 ratione.
620 2017 697 2084 quod
705 2017 728 2067 si
738 2019 795 2071 sola
803 2016 1183 2084 relinquantur,nibilominua

169 2093 1187 2164 expetuntur3quandoquepropteralind,quemadmodumhonoremex-

169 2177 299 2248 potimus,
316 2180 349 2230 ut
370 2175 518 2230 virtutibus
528 2177 632 2228 exculti
643 2175 802 2228 videamur:
813 2165 897 2244 'quod
907 2175 1032 2244 superius
1044 2178 1086 2228 est
1097 2177 1186 2245 expli·

58 2301 61 2306 .
170 2260 276 2310 catum.
300 2257 383 2322 Quod
393 2257 564 2326 sispectetur
574 2257 642 2321 linis,
651 2257 696 2310 eui
707 2256 867 2327 aequiritur,
875 2272 931 2310 non
943 2259 986 2310 est
996 2255 1186 2326 dubitandum,
1222 2322 1225 2336 Ι

109 2383 113 2392 ,
169 2335 280 2407 quidet
289 2337 412 2403 felicitas,
422 2337 553 2403 ethonor,
562 2341 591 2391 et
602 2339 794 2410 ceteraomnia
806 2339 930 2408 edilium
942 2338 997 2392 sint
1007 2337 1157 2394 referenda.
1180 2393 1182 2400 ,

204 2419 332 2474 Secundo
342 2419 381 2472 sic
393 2421 611 2490 argumentatum
621 2435 704 2472 omne
715 2419 817 2474 bouum
827 2418 980 2488 perlectum
989 2422 1031 2474 est
1040 2418 1186 2474 sufficiens.

118 2498 126 2504 ”
151 2500 209 2556 Ἀἱ
220 2501 334 2559 felicitas
347 2505 391 2570 ,ert
408 2493 509 2555 bouum
522 2501 682 2574 perfectum.
719 2502 794 2570 Ergo
806 2503 949 2558 sufficiens.
984 2499 1124 2556 Describit
1137 2518 1186 2556 au·

171 2589 230 2674 tenu
239 2583 384 2652 dupliciter
396 2584 473 2650 iilud,
485 2585 559 2654 quod
579 2585 785 2664 est‘sufficiens
805 2575 935 2657 primum,
952 2585 1027 2658 quod
1048 2585 1113 2638 eatis
1134 2588 1185 2654 ert,

146 2687 149 2692 ·
168 2681 225 2720 non
240 2666 297 2732 uni,
308 2666 361 2736 jsed
374 2667 505 2734 pluribus.
516 2667 623 2720 terreto
635 2671 728 2724 umen
744 2653 835 2738 aliquo
847 2669 972 2736 termino,
984 2683 1019 2720 ne
1031 2667 1185 2736 progressio

168 2750 216 2818 fiat
227 2749 256 2804 in
267 2750 402 2804 inlinitum
414 2769 422 2816 ς
444 2767 500 2826 quo
512 2751 630 2824 pertinet
640 2751 717 2820 illud,
730 2755 804 2822 prod
816 2753 951 2821 scriptum
960 2751 1073 2821 reliquit
1086 2748 1185 2810 Cicero

166 2829 204 2884 de
215 2832 344 2900 gradibus
355 2831 505 2884 officiorum
514 2833 544 2885 iu
553 2834 606 2888 tine
618 2833 677 2886 libri
686 2835 764 2904 primi
776 2836 935 2906 officiorum,
947 2839 976 2886 et
984 2835 1090 2887 Gellius
1101 2833 1148 2886 lib.
1156 2837 1184 2888 ὁ.
1241 2863 1243 2868 -
1286 2857 1296 2885 a

166 2929 231 2983 cap.
244 2917 286 2968 1³.
311 2914 440 2980 Deinde,
458 2917 533 2994 quod
552 2916 575 2968 si
593 2916 683 2970 solnm
704 2917 884 2986 relinquatur,
895 2916 984 2968 vitam
996 2915 1065 2968 effici
1083 2915 1185 2982 eligen-

159 2993 246 3056 dam,
258 2997 287 3046 et
297 2994 398 3048 nullius
408 2995 447 3046 rei
457 2994 636 3064 indigentem.
673 2996 767 3060 Quare
785 2994 913 3055 felicitas,
932 2994 956 3044 si
970 3008 1027 3044 non
1039 3008 1187 3046 connume-

172 3076 322 3126 returcnm
343 3075 396 3127 alio
413 3075 495 3139 bono,
514 3080 557 3128 est
573 3078 695 3130 maxime
715 3074 859 3142 eligenda:
881 3073 906 3126 ai
917 3076 1135 3138 connumeretur,
1147 3077 1188 3126 est
1262 3069 1267 3076 '

122 3203 125 3208 .
173 3154 255 3208 malis
273 3155 407 3221 eligenda.
452 3156 567 3222 Legitur
581 3157 657 3218 ,onim
676 3157 723 3209 lib.
736 3160 761 3210 1.
798 3155 1053 3225 libetplnrabnna
1063 3159 1188 3219 uuo,aut

171 3235 350 3304 paucioribus
369 3237 573 3302 'connumeratis
591 3253 652 3290 erse
663 3237 752 3305 majus
762 3239 873 3294 bonum.
908 3237 995 3294 Stoici
1007 3241 1098 3297 autem
1111 3239 1187 3296 dice-
1201 3269 1205 3276 ,

172 3317 334 3386 bant,'bona
345 3317 461 3384 corpori,¹
472 3321 501 3370 et
511 3323 628 3378 externa
638 3319 783 3387 obscurari,
794 3325 822 3374 et
833 3321 911 3378 obrui
922 3323 1074 3391 splendore,
1086 3327 1117 3377 et
1128 3333 1200 3380 mei

168 3399 315 3468 gniiudine
328 3399 493 3468 virtutissut
505 3399 673 3467 obscuratur,
684 3407 714 3456 et
725 3403 873 3458 offunditur
884 3406 978 3459 lumen
991 3405 1111 3468 lucernae
1122 3407 1185 3462 luce
1245 3425 1247 3428 ·

170 3481 244 3547 solis,
256 3485 285 3534 ot
302 3482 394 3536 interit
405 3482 478 3562 stilla
494 3483 591 3542 ¹rnrrriae
606 3477 795 3554 magnitudine
807 3487 888 3540 meris
901 3485 998 3556 AEgaei
1017 3491 1046 3540 et
1064 3488 1184 3542 accessio

150 3581 154 3586 ·
166 3565 283 3619 uernmii
294 3566 323 3620 in
334 3565 436 3636 divitiis
446 3559 585 3632 Croesiel
595 3569 696 3636 gradun
713 3584 786 3627 uuus
802 3568 831 3622 in
844 3585 876 3624 ea
887 3570 939 3634 ria,
951 3587 1013 3640 quae
1026 3574 1068 3624 est
1079 3570 1143 3636 hiup
1154 3572 1184 3625 in

95 3689 98 3694 .
170 3643 289 3712 Indiam.
325 3645 364 3698 llt
382 3662 418 3709 en
436 3647 572 3712 §enuntio
590 3647 703 3704 Aristot.
721 3650 1103 3721 quantulacunqueacceisio
1118 3653 1184 3707 boni

173 3723 322 3794 adbonnrn
333 3727 404 3792 facta
413 3713 663 3796 fuerit,eabcnum
675 3732 870 3802 aliquantisper
880 3727 978 3802 auget:
1002 3739 1030 3788 et
1042 3735 1114 3789 bona
1125 3751 1184 3788 cor·
1273 3761 1282 3773 ν
1392 3773 1393 3780 1

105 3859 109 3864 .
167 3807 715 3892 porinatqueextarnaminimaqniuem
731 3819 799 3877 eunt
815 3815 849 3870 ad
867 3815 939 3872 bona
957 3815 1057 3871 animi:
1081 3816 1184 3872 sedtc·
1248 3811 1286 3830 ”

170 3903 235 3942 men
249 3890 380 3956 tanquam
391 3888 580 3957 instrumenta,
591 3897 620 3946 et
636 3899 795 3949 ornamenta
813 3897 967 3962 neucesarie
985 3902 1060 3962 sunt,
1072 3902 1103 3950 ut
1113 3895 1185 3948 infra
1237 3922 1239 3928 ι
1316 3911 1324 3928 .

171 3968 383 4034 declarabitur..,
399 3967 581 4040 Popitoutern
588 3973 659 4028 illud
669 3980 800 4046 tanquam
810 3981 972 4046 confessum,
982 3979 1137 4032 ntfeiieitas
1149 3974 1185 4024 sit
1211 3984 1213 3990 ’

170 4047 339 4120 reasoptima.
375 4050 466 4114 Quare
473 4054 566 4121 adhuc
576 4057 704 4112 traditum
717 4066 759 4117 eat
768 4061 927 4118 felicitatem
936 4077 999 4118 esse
1010 4061 1110 4112 bonum
1122 4060 1182 4119 1³0¹·

170 4127 280 4202 tentum,
292 4131 436 4200 sufficiens,
448 4135 477 4186 et
487 4125 630 4204 optimum.
650 4179 654 4186 .
817 4135 820 4139 ’

884 4320 1048 4382 ’,ι
