2806 4796
224 447 263 500 18
459 441 470 487 f
489 441 592 500 ANP.
617 439 734 502 RlCC.
758 434 1013 511 COMMEN'F}

227 563 346 627 tonsus
362 561 461 632 etjurs
469 564 608 631 proleeto;
621 579 684 617 nam
697 564 821 631 essentia¹
829 563 938 617 honoris
948 577 1004 616 uon
1015 540 1174 616 in'externs
1183 575 1250 618 me*

121 689 125 702 ,
228 643 298 698 terie
307 648 354 698 ⁴est
367 641 470 712 positu
486 645 536 700 sed
553 645 705 712 presertim
717 647 745 698 in
757 645 873 713 judioiu,
888 645 998 709 affeetu,
1010 657 1042 696 uo
1053 643 1253 710 preeleeriona·

2 745 3 754 ¹
108 723 118 738 ⁸
226 726 397 788 honorantia
415 726 530 776 externa
541 729 634 779 entem
645 725 774 780 materies
784 741 822 779 ex
841 730 945 779 eventu
963 724 1116 778 necessarie
1127 729 1179 788 est,
1195 741 1249 793 pro

176 877 179 882 Ι
228 812 309 877 signo
322 809 352 859 et
370 805 524 860 ostensione
543 807 661 862 internas
676 809 841 872 allectionis,
851 807 959 876 judieii,
980 821 1013 862 ao
1035 807 1245 875 praeelectionis.
1272 835 1277 840 ·

228 890 305 943 Hine
322 888 353 940 tit
369 887 444 956 qnod
458 888 561 954 Deum,
571 890 618 958 qui
630 889 712 942 oorda
722 890 842 958 respicit,
854 889 911 942 solo
920 887 1012 953 corde,
1024 887 1106 940 etium
1118 887 1178 940 sine
1194 903 1246 940 ex·

229 975 307 1036 terna
327 963 455 1034 materie,
466 970 597 1024 honorare
614 961 732 1041 quimus.
768 971 821 1026 Est
839 971 933 1038 igitur.
943 967 1038 1036 honor,
1055 969 1103 1038 qui
1119 969 1248 1024 delinitus

220 1051 290 1126 luit,
302 1066 403 1116 revera,
415 1053 444 1103 et
455 1051 561 1120 proprie
573 1052 744 1116 honorentis3
763 1068 826 1106 oum
838 1052 875 1104 sit
885 1051 946 1118 ejus
958 1052 1044 1124 sotio:
1062 1066 1098 1104 ex
1110 1049 1170 1116 eJ'us
1181 1065 1246 1124 cong

229 1131 297 1195 siho,
313 1147 347 1184 eo
362 1131 555 1200 praeelectione
567 1132 707 1201 prodiens:
726 1133 786 1201 ojus
803 1132 953 1203 perfectio:
972 1131 1033 1199 ejus
1044 1131 1179 1198 jndioinrn
1190 1140 1205 1184 z·
1216 1129 1250 1182 iu

230 1211 290 1279 ojus
306 1215 442 1280 potestate
454 1213 619 1269 oolloeatus:
638 1213 737 1284 dioimr
746 1217 841 1268 sutem
856 1213 959 1266 honum
971 1215 1124 1277 externum,
1136 1225 1191 1263 non
1206 1225 1259 1289 em-

229 1293 307 1361 parte
319 1292 484 1360 honorantis,
496 1294 545 1347 sed
560 1294 710 1349 honorati.''
729 1295 800 1350 Haeo
812 1295 882 1348 ille·
956 1333 960 1336 -
996 1307 1000 1312 ’
1074 1321 1080 1330 ·
1170 1309 1175 1318 ·

126 1401 134 1416 =
198 1415 204 1420 .
242 1375 359 1428 ·Tertio
369 1374 543 1444 reprehendit
552 1375 727 1444 philosophus
739 1377 895 1445 opinionem
907 1374 942 1427 de
951 1375 1064 1440 virtute,
1073 1389 1157 1442 quam
1168 1371 1247 1428 sesua
1287 1361 1291 1371 ’

216 1446 276 1510 tus
287 1459 330 1509 est
340 1455 417 1510 Zeno
427 1456 580 1528 Stoicorum
591 1457 731 1526 princeps,
740 1472 796 1508 non
805 1443 928 1520 Eleates,
939 1470 1022 1525 quem
1034 1456 1174 1508 memoriae
1185 1469 1248 1524 pro«

230 1536 411 1594 diditCioero
423 1539 451 1592 in
462 1543 489 1594 2.
500 1529 588 1594 Turul
599 1537 830 1596 maluisseomnia
842 1537 955 1605 perpeti,
967 1551 1051 1607 quem
1061 1537 1184 1589 oonsoios
1198 1538 1247 1590 des

229 1621 319 1674 lendes
331 1621 482 1688 tyrannidis
496 1621 629 1685 iudicare,
636 1621 777 1689 'cujusque
789 1621 832 1674 vel
846 1621 905 1688 ipse
917 1622 1083 1674 mentionem
1094 1619 1160 1672 teoit
1171 1621 1247 1692 Arias

230 1703 337 1767 tutelas,
348 1703 397 1756 sed
406 1703 532 1768 Citiaeos,
544 1703 592 1774 q‘ui
601 1703 751 1756 insinuavit
760 1720 789 1757 se
800 1703 829 1756 in
841 1695 982 1772 antiquam
990 1701 1197 1771 philosophiam,
1206 1702 1247 1755 ita

231 1785 272 1843 ut,
282 1795 345 1835 oum
361 1783 434 1852 apud
447 1783 589 1836 Platonem
600 1800 674 1851 saepe
686 1783 791 1854 dietum
804 1784 848 1848 sit,
860 1782 926 1835 nihil
938 1787 1037 1849 preter
1050 1784 1179 1838 virtmem
1196 1781 1246 1834 hn-
1261 1815 1263 1818 -

164 1929 169 1935 .
230 1877 298 1914 num
310 1879 378 1930 esse,
389 1865 563 1934 potissimum
574 1865 603 1918 in
616 1866 726 1934 Gorgia,
736 1869 766 1919 et
776 1866 804 1918 in
815 1864 977 1935 Epitaphio;
995 1881 1032 1918 ex
1048 1866 1171 1920 Platonis
1182 1879 1246 1918 aues

151 1996 158 2009 x
233 1944 341 1998 toritete
355 1946 506 1999 manaverit
519 1945 578 2013 ojus
591 1948 694 2012 unatim
710 1947 790 2016 eujus
801 1947 965 2005 sententiam
974 1949 1070 2001 ¹seouti
1088 1951 1152 2003 sunt
1163 1945 1248 2004 stoici

90 2035 98 2050 '
139 2025 148 2034 '
186 2029 188 2034 ’
231 2043 335 2084 omnes.
373 2030 402 2083 Is
421 2033 484 2099 p'ost
502 2030 676 2083 Aristotelem
696 2033 775 2085 vixit.
811 2032 884 2086 Nsrn
902 2029 1059 2086 Aristotelis
1074 2029 1251 2083 luttruditor·

231 2111 390 2188 Polemom:
412 2117 441 2165 et
453 2113 628 2164 Polemonem
647 2113 753 2172 audivit
772 2114 857 2178 Zeno,
869 2115 901 2166 nt
912 2111 1088 2182 legiturlihro
1105 2115 1200 2180 quarto
1211 2111 1249 2165 de
1314 2176 1315 2179 Ἴ

229 2192 335 2264 finibus.
372 2195 439 2247 Fuit
451 2208 561 2263 quoque
572 2193 616 2260 (ut
627 2192 679 2246 hoo
689 2195 776 2252 obiter
784 2183 924 2262 notemus)
934 2197 1030 2249 tertius
1041 2193 1152 2264 quidem
1160 2191 1249 2253 Zeno,

232 2273 311 2340 oujus
321 2274 409 2328 verbis
421 2273 507 2325 lorme
515 2274 578 2326 vitas
591 2273 679 2328 beatos
690 2272 762 2343 apud
773 2273 935 2325 Ciceronem
946 2279 982 2324 ex'
991 2275 1127 2326 sententia
1134 2274 1249 2340 Epicuri

232 2355 404 2420 exprimitur.
421 2353 440 2406 J
441 2367 485 2405 ant
503 2354 599 2421 probet
611 2355 780 2420 Aristoteles,
791 2353 948 2406 felicitatem
959 2367 1014 2404 non
1031 2368 1090 2405 osse
1103 2353 1228 2405 virtutem
1237 2375 1250 2418 ς

231 2431 349 2502 primum
363 2433 438 2502 quod
449 2433 563 2488 telioitas
573 2448 628 2488 non
640 2441 682 2490 est
693 2437 844 2494 communis
856 2431 1039 2500 vigilantibus,
1052 2435 1082 2485 et
1090 2431 1251 2486 dormienti-

234 2513 297 2577 lids‚
309 2514 358 2566 sed
369 2517 476 2567 tantum
488 2503 683 2584 vigilantibus:
697 2521 726 2570 et
734 2517 820 2569 virtus
831 2515 913 2568 etiarn
922 2512 994 2565 inest
1004 2514 1033 2566 in
1044 2507 1251 2573 dormientibus,

233 2593 342 2648 Deinde
361 2595 426 2665 q'uis
443 2595 490 2650 illa
509 2613 564 2650 non
583 2599 711 2651 convenit
731 2596 883 2664 agentibus,
905 2599 933 2648 et
950 2595 1053 2664 otiosis,
1071 2595 1120 2648 sed
1138 2599 1248 2651 tontum

141 2671 144 2676 '
233 2676 391 2744 agentibus:
409 2678 469 2732 haen
480 2680 605 2747 congruit
622 2679 705 2731 etlam
717 2676 818 2730 otiosis.
845 2677 988 2754 Postremo
998 2678 1063 2747 qula
1080 2677 1128 2735 illa
1138 2692 1193 2731 non
1205 2695 1248 2732 re-
1304 2731 1307 2736 .

234 2758 341 2829 peritur
349 2761 377 2814 ih
389 2761 543 2814 hominihus
554 2760 705 2826 fortunatis,
719 2763 747 2812 et
758 2758 877 2814 miseris:
890 2759 950 2814 hreo
960 2761 1043 2815 etiem
1055 2761 1084 2814 in
1096 2761 1251 2816 miserisio·

207 2843 216 2878 ἒ
234 2843 356 2897 venitur:
366 2843 475 2898 Virtute
482 2842 565 2908 igitru
573 2840 705 2908 praeditus
713 2843 875 2920 quondoque
884 2841 999 2896 dormit:
1011 2843 1175 2912 quandoque
1183 2825 1263 2896 nihil'
1363 2907 1369 2912 μ

166 2943 170 2960 ·
234 2925 300 2992 agit,
309 2927 354 2980 vel
365 2925 430 2996 quie
441 2923 549 2978 occasio
560 2923 612 2991 ipsi
625 2921 700 2974 nulla
711 2923 820 2975 offertur
832 2923 938 2992 agendi,
950 2926 993 2978 vel
1004 2926 1069 2994 quia
1079 2925 1157 2978 deest
1163 2927 1250 2977 mete.-

234 3001 1248 3076 rie3ut'enmliberalis,velnrsgnitiousearetpecuniasquandoquemorho,

234 3097 403 3159 paupertate,
415 3089 556 3142 hostilibus
568 3088 751 3155 insidiis,'sliis
764 3089 1042 3154 matisconensem
1060 3094 1088 3144 et
1097 3093 1163 3146 tune
1174 3090 1203 3143 in
1214 3104 1249 3144 eo

226 3169 344 3233 habitus
353 3169 465 3237 quidem
477 3169 549 3235 inest
557 3169 681 3224 virtutis:
702 3172 814 3225 sednon
824 3172 946 3227 lelioites.
982 3174 1072 3226 Nemo
1083 3172 1249 3226 enimtolem
1296 3159 1313 3184 '

236 3251 345 3300 heulnm
359 3247 543 3316 appellaverit,
554 3250 608 3301 nisi
619 3253 665 3318 qui
674 3252 785 3306 'l'hesim
795 3253 860 3306 velit
870 3253 1029 3319 detondere.
1053 3251 1151 3316 Thetis
1161 3258 1253 3306 antem

123 3391 125 3396 ,
195 3353 202 3367 s
236 3335 263 3387 in
275 3334 387 3406 Topicis
399 3332 499 3386 dicitur
516 3350 576 3387 esse
594 3337 685 3404 opinio
703 3339 877 3402 admirabilis,
894 3342 922 3390 et
939 3334 995 3390 lere'
1012 3339 1110 3403 prester
1126 3337 1251 3392 omnium

231 3413 410 3484 opinionem
431 3415 519 3484 qualis
536 3415 589 3470 luit
601 3418 692 3485 opinio
706 3418 887 3480 Antisthenis,
906 3431 961 3468 non
984 3417 1041 3468 deri
1059 3416 1254 3470 contendistio·

238 3511 318 3550 nem:
336 3503 364 3550 et
374 3497 518 3569 Heracliti,
527 3499 660 3552 contraria
671 3495 730 3550 esse
739 3513 844 3551 unum:
860 3499 889 3547 et
899 3495 1077 3562 Parmenidis,
1089 3493 1182 3550 omni'e
1192 3515 1256 3552 esse

240 3595 335 3633 nuum.
373 3580 460 3634 Addit
467 3581 628 3635 Aristoteles
640 3581 675 3633 de
685 3577 728 3631 his
737 3577 803 3646 ipsis
815 3577 880 3630 satis
893 3576 995 3630 dietum
1005 3593 1064 3632 esse
1073 3577 1104 3632 in
1116 3579 1252 3646 encycliis,

241 3677 359 3732 quorum
371 3662 453 3716 etiarn
466 3662 496 3714 lit
509 3662 612 3736 mentio
623 3661 651 3714 in
664 3659 739 3712 libris
751 3652 788 3711 de
798 3659 882 3722 oselo;
901 3672 1025 3727 quosque
1036 3661 1159 3714 nonnulli
1171 3661 1252 3712 iuter·

130 3729 145 3762 ³
193 3807 196 3810 ¹
237 3748 379 3813 proteritur
396 3742 585 3808 fuissentne,
608 3741 707 3811 quibus
725 3740 770 3794 vel
791 3739 863 3792 orbis
885 3739 1089 3809 disoiplinarum
1108 3743 1258 3795 universus:

176 3878 181 3886 ,
238 3825 522 3895 comprehenderetur,
534 3823 765 3893 quemadmodum
778 3821 940 3877 Plutarchus
952 3825 1061 3892 quoque
1074 3823 1173 3878 liudo
1184 3823 1254 3875 edu·
1287 3813 1292 3822 ’

239 3909 347 3962 datione
364 3907 511 3960 liberorum
527 3905 649 3970 enoyolis
663 3906 833 3974 problemate
844 3903 1002 3973 appellavit,
1014 3921 1078 3974 qum
1094 3904 1253 3960 universum

240 3991 443 4059 disciplinarum
452 3989 546 4040 orbem¹
554 3987 832 4058 comprehenderent:
853 3987 895 4041 vel
904 3990 976 4041 uerte
988 3986 1149 4057 promiscum
1159 3986 1254 4054 dispu-

240 4059 364 4138 tationes,
373 4075 400 4124 et
410 4071 768 4135 communestraoturentnr,
776 4067 855 4136 enjus
865 4070 971 4137 generis
981 4072 1044 4122 sunt
1053 4069 1253 4138 problematum

241 4154 310 4212 libri.
345 4155 402 4211 Alii
413 4143 624 4227 disputationes,
634 4163 700 4218 qnae
720 4152 748 4203 lo
763 4157 817 4213 retr
832 4153 940 4219 κύκλοις,
959 4150 1012 4205 hoo
1028 4155 1079 4218 est,
1089 4152 1118 4205 in
1136 4147 1253 4219 publicis

708 4282 724 4322 t
