2806 4796
246 337 283 404 'sc
315 367 317 374 ι
471 323 1048 460 -'ssu,'u1cc.cos1·srusu.j

240 479 330 534 'modo
345 479 381 534 sd
396 480 516 546 laudem,
534 496 597 534 cum
617 482 784 535 verecundie
805 481 841 536 sit
859 480 969 550 siguum
982 479 1100 542 virtutis
1134 452 1260 542 Tertium

240 565 438 630 argumentum
452 561 585 632 estquod
597 563 711 634 affectos
729 569 793 618 sont
810 562 867 616 siue
884 563 1087 632 praeelectione,
1098 564 1149 619 ut
1141 581 1191 632 ΜΜ,
1204 583 1261 622 me-

249 646 303 710 scr,
316 645 417 738 aliique
432 643 569 698 similiter:
589 659 621 696 ac
633 635 748 698 virtutes
763 649 828 701 suut
842 638 1052 712 praeeleotioues
1066 647 1203 715 quaedam,
1215 650 1261 704 vel
1278 679 1281 683 ·

240 741 307 780 uon
318 711 594 792 siuapraeclecticne.
611 741 676 793 ergo
689 726 872 780 virtutesnoii
885 730 950 779 suut
965 727 1086 782 affectus.
1123 727 1262 792 Quartum

239 811 300 871 est,
310 805 385 875 quod
396 823 434 859 ex
446 806 586 860 effectibus
599 807 715 860 dicimur
726 809 846 862 moveri.
867 811 896 860 at
904 823 939 861 ex
951 800 1108 876 ΜὶΜΜΜΜΜΜΜ,
1120 808 1149 863 Μ”Μ
1157 807 1262 866 vitiosi·
1276 863 1277 868 ,

246 889 351 942 tatibus
369 903 424 942 uon
436 888 552 943 dicimur
570 891 683 954 moveri,
699 891 748 943 sed
765 888 876 958 disponi
890 889 1108 958 quodammodo:
1127 907 1192 960 ergo
1209 891 1262 946 vir·

249 973 331 1035 tutes,
343 973 372 1024 et
383 957 542 1024 vitiositstes
554 986 610 1024 uon
622 974 686 1024 suut
698 971 820 1024 allectus.
906 981 909 987 '

239 1055 371 1106 Sexto
387 1053 484 1145 prebat
501 1051 630 1106 virtutem
650 1066 705 1104 nou
724 1067 783 1105 csse
804 1051 966 1105 facultatem
981 1050 1066 1104 tribus
1083 1051 1263 1133 argumenti„

64 1129 85 1160 “·
167 1169 170 1174 ·
215 1135 367 1216 primum
386 1133 508 1208 quises
524 1131 769 1187 taculmibusuou
782 1127 982 1198 dicimurboui‚
998 1133 1127 1200 velmuli,
1143 1125 1263 1204 eoquod

242 1217 384 1287 possimus
403 1231 483 1283 agere
499 1215 579 1282 bene,
590 1216 633 1271 vel
652 1216 741 1274 malea,
760 1220 789 1268 at
806 1231 843 1270 ex
856 1214 1011 1278 virtutibus,
1030 1216 1059 1266 et
1071 1214 1264 1274 vitiositatibus

251 1298 366 1352 dicimur
377 1298 449 1362 boui,
461 1301 489 1351 et
501 1299 577 1353 mali·
597 1313 661 1368 crgo
674 1298 795 1363 virtutes,
806 1303 835 1351 et
850 1297 1011 1352 vitiositates
1028 1311 1084 1350 uou
1099 1301 1163 1351 suut
1174 1297 1260 1352 iacul-

241 1369 331 1435 ‘tates
368 1365 478 1434 Deinde
489 1380 564 1448 quod
583 1397 619 1433 cx
630 1379 807 1434 facultatibus
819 1395 908 1448 neque
924 1378 1076 1448 laudamur,
1086 1380 1179 1449 deque
1191 1379 1263 1436 vitu·

238 1461 393 1546 pessmus:
412 1466 441 1516 at
458 1478 496 1516 ex
507 1463 661 1528 virtutibus,
672 1467 701 1514 et
712 1461 905 1515 vitiositatibus
919 1462 1075 1528 laudemur,
1086 1465 1117 1516 et
1128 1462 1265 1532 vitupere-

251 1561 327 1610 mur;
337 1548 377 1600 ost
389 1545 463 1598 cuim
474 1544 581 1612 propris
592 1543 653 1595 laus
663 1543 781 1608 virtutis,
793 1544 822 1594 et
832 1534 996 1611 'vituperatio
1007 1542 1178 1607 vitiositatis:
1198 1557 1263 1610 ergo

251 1629 373 1688 virtutes,
390 1631 432 1678 et·
438 1625 598 1698 vitiositates
618 1639 672 1675 uon
692 1628 757 1676 suut
768 1623 920 1676 facultates
956 1623 1096 1692 Denique
1102 1640 1170 1694 quse
1165 1623 1264 1694 iacui

253 1714 322 1760 tetes
333 1710 398 1759 aurit
409 1723 426 1757 a
437 1688 549 1759 nature:
563 1697 677 1758 virtutes
687 1721 763 1770 vero,
776 1709 805 1757 et
816 1691 976 1759 vitiositates
988 1721 1043 1759 uou
1056 1711 1121 1759 suut
1129 1723 1146 1758 a
1156 1710 1262 1768 nature,

237 1790 285 1840 ‘ut
301 1769 444 1858 pmbsturu
457 1790 500 1839 est
511 1786 590 1864 irritio
601 1785 683 1853 hrrjus
693 1787 770 1840 libri:
792 1801 856 1855 ergo
867 1787 981 1842 virtutes
993 1791 1021 1886 et
1033 1786 1192 1842 vitiositates
1207 1803 1263 1880 uon
1282 1828 1285 1832 .
1392 1799 1398 1865 ι·

163 1915 167 1923 .
238 1872 317 1923 ”suut
328 1867 479 1922 facultates

220 1991 221 1996 1
263 1949 429 2018 Septimo,
436 1949 505 2003 illud
525 1951 698 2022 philosophus
717 1953 827 2008 conticit
848 1969 899 2006 sua
918 1951 1108 2022 disputatione,
1129 1966 1193 2005 cum
1212 1949 1267 2004 vir·

252 2033 327 2086 tutes
338 2047 394 2086 nou
403 2031 460 2086 sint
472 2033 597 2102 affectus,
610 2050 674 2088 uec
672 2033 826 2099 facultates,
836 2036 979 2108 reliquum
990 2049 1058 2098 esse,
1070 2035 1102 2086 ut
1117 2031 1173 2084 siut
1187 2029 1269 2085 hibi·

253 2116 307 2172 tus.
343 2114 416 2169 Cum
430 2113 515 2184 igitur
534 2107 704 2170 delinienda
707 2117 742 2171 sit
760 2118 855 2180 virtus,
858 2117 897 2170 et
912 2115 1003 2173 omnis
1021 2103 1142 2168 delinitio
1157 2099 1266 2166 cnses

254 2209 291 2249 sx
301 2211 409 2266 genere,
420 2201 449 2249 et
458 2197 622 2259 differentiis,
630 2197 696 2248 satis
707 2200 825 2258 constat,
836 2209 923 2260 genus
935 2195 1045 2250 virtutis
1055 2210 1115 2251 esso
1125 2191 1266 2286 habitunt

252 2278 434 2388 sequiturque
440 2277 471 2329 ut
479 2261 657 2328 differentiae*
648 2273 734 2340 ipsius
745 2272 962 2358 explicemur„

532 2461 534 2465 ·
602 2443 927 2552 INGAPUTVI.
1017 2459 1071 2526 J
1139 2457 1144 2468 '

291 2596 387 2650 Pulso
397 2593 458 2648 leco
471 2593 547 2648 affert
555 2595 736 2664 Philosophus
745 2594 869 2666 primam
871 2593 1049 2649 differentiam
1061 2587 1178 2665 virtutis,
1192 2543 1266 2670 quod

254 2677 342 2730 virtus
361 2675 452 2730 reddit
471 2676 609 2731 homiuem
628 2677 699 2730 bene
720 2680 855 2742 effectum,
875 2681 903 2730 et
922 2693 991 2746 opus
1010 2676 1128 2732 hominis
1139 2678 1266 2743 boouun

253 2758 329 2852 quod
341 2759 465 2812 afficerc'
457 2775 516 2828 rpsa
527 2775 581 2813 nou
593 2767 683 2828 potest
694 2763 752 2816 sine
764 2761 970 2829 praeelectione·
989 2776 1052 2813 nam
1064 2761 1169 2837 bouitas
1180 2761 1265 2816 homi·

238 2839 297 2894 ‘uis
307 2845 350 2894 est
359 2840 465 2895 bonitas
476 2842 686 2912 praeelectionis.
723 2843 805 2905 Uude
817 2842 963 2911 colligitur,
974 2842 1104 2924 virtutem
1121 2842 1265 2898 essehabi·

145 2950 146 2955 1
255 2922 976 2994 ΜΜΜΜΜΜΙΜΜΜΜΜΜΜ,ΜΜΜΜΜΜΙΜΜΜΜΜΜΜΜΜΜΗΒ
1110 2969 1114 2976 .

145 3035 148 3052 r
238 3035 241 3042 ,
292 3006 422 3062 Secundo
441 3005 517 3060 effert
532 3005 835 3059 alteramditlereutiam
849 3003 964 3070 virtutis,
986 3007 1020 3058 ut
1038 3003 1074 3058 sit
1093 3004 1266 3081 mediocritss

257 3088 295 3142 ad
306 3103 356 3142 nos
367 3088 462 3140 rclsto.
498 3084 611 3153 Duplex
623 3086 695 3140 euim
708 3090 751 3140 est
762 3085 953 3148 mediocritas:
975 3102 1033 3140 uua
1042 3087 1091 3153 rei,
1103 3086 1266 3155 alteraque

204 3207 209 3216 .
258 3167 294 3219 ad
305 3183 355 3218 uos
366 3165 488 3218 retertur.
523 3166 569 3219 Ad
580 3167 701 3228 medium
713 3168 880 3238 quidem-'rei
894 3171 937 3222 est
950 3173 1044 3234 uuum,
1056 3170 1085 3220 et
1095 3167 1168 3220 idem
1180 3165 1267 3221 omui·

257 3247 318 3312 bus,
329 3246 401 3314 quod
415 3245 556 3315 aequaliter
573 3248 657 3303 distat
675 3250 712 3302 ab
730 3255 846 3318 suoque
866 3253 1063 3313 extremorum,
1080 3253 1113 3300 ut
1132 3263 1181 3300 sex
1197 3247 1268 3302 iuter

257 3327 321 3391 duo,
333 3331 362 3380 et
373 3327 485 3380 decem:
507 3328 649 3396 eequsliter
665 3330 737 3382 euim
757 3327 810 3383 t'ale
827 3331 950 3390 medium
966 3329 1049 3383 distat
1065 3327 1094 3379 in
1104 3331 1270 3394 quassares

156 3407 159 3411 ⁴
259 3412 370 3477 superat
381 3408 436 3460 duo
450 3409 484 3462 riu
501 3411 628 3477 quatuor,
639 3409 668 3462 et
684 3414 827 3478 superatur
838 3407 961 3464 adecem
972 3409 1001 3465 iu
1012 3409 1140 3476 quatuor.
1175 3407 1269 3464 Medi-

259 3505 309 3542 um
318 3504 391 3554 vero,
401 3489 476 3558 quod
488 3488 601 3544 retertur
612 3490 648 3542 ad
659 3504 718 3552 nos,
727 3504 782 3542 nou
793 3494 836 3542 est
847 3506 944 3556 uuum,
956 3492 1038 3557 atquc
1048 3487 1123 3544 idem
1133 3488 1267 3545 omuibus.

100 3630 102 3644 ³
163 3591 166 3595 ⁴
260 3569 438 3624 Utsidiceur
449 3571 537 3626 ruinas
552 3571 695 3626 comedere
714 3569 750 3623 sit
760 3572 893 3637 multum,
906 3576 935 3625 et
947 3572 1015 3634 duas
1024 3585 1130 3638 perum,
1140 3585 1191 3623 sex
1202 3587 1269 3641 quo·

261 3666 314 3720 que
327 3651 413 3705 minas
421 3652 568 3706 comedere
585 3654 636 3722 erit
656 3643 828 3719 molismi,
850 3655 899 3723 qui
920 3651 1033 3721 incipiat
1052 3653 1270 3708 exercitationes.

258 3727 325 3798 Qus
344 3747 373 3785 re
393 3735 493 3804 adepta
512 3737 541 3786 et
560 3735 689 3802 magister
710 3736 913 3788 exercitationis
932 3737 975 3787 tot
993 3748 1050 3787 nou
1069 3735 1270 3804 praescripserit.

4 3811 5 3820 ’
110 3797 111 3802 ¹
195 3838 199 3842 ’
262 3813 363 3869 Miloni
383 3829 448 3869 vero
467 3814 634 3870 Crotoniates
655 3817 705 3872 erit
727 3832 836 3884 parum.
873 3817 973 3882 ltaque
990 3831 1047 3870 nou
1065 3815 1116 3868 erit
1133 3813 1272 3871 mediocre
1359 3801 1398 3844 ·’

240 3910 246 3923 ’
262 3895 519 3970 rationehomiuurn
535 3897 616 3950 etiarn
634 3898 657 3950 si
672 3897 708 3951 sit
726 3899 864 3953 mediocre
881 3895 986 3950 rutiouc
1002 3897 1052 3951 rei.
1089 3897 1144 3950 Sed
1159 3895 1273 3952 tomus

164 3981 165 3984 ’
240 3981 249 3998 *
261 3971 413 4049 illi‘poterit
423 3995 483 4034 esse
495 3979 630 4033 mediocre
641 3980 758 4048 quatuor
768 3982 857 4034 ruinas
869 3978 1030 4041 comedere:
1049 3978 1112 4031 lruic
1124 3993 1190 4034 vero
1200 3982 1272 4035 octo.

262 4060 326 4116 iam
337 4061 458 4118 medium
469 4061 510 4116 rei
522 4060 620 4116 dicitur
631 4077 691 4115 esse
703 4077 739 4116 ax
750 4061 931 4128 Arithmetica
940 4061 1075 4132 asclepia,
1087 4075 1151 4130 qun
1168 4059 1272 4120 nullum
