2806 4796
338 469 394 526 oe
422 468 512 526 orn.
538 470 565 526 1.
592 467 755 526 erare.
782 464 936 548 amar.
1107 473 1143 528 es

119 649 122 653 ,
171 591 275 647 Octavo
286 589 421 646 ostmdits
434 591 484 660 qni
495 590 691 645 eaiatimaruat
699 587 856 645 felicitatem
866 591 927 644 etse
939 590 1071 644 virtutem
1082 593 1147 648 conf

136 678 282 748 voluptate,
290 672 355 730 com
366 676 400 729 iis
407 675 520 745 quidem
533 689 562 729 sc
571 676 728 750 convenire,
737 675 804 752 quia
811 676 858 730 sel
870 676 928 744 ipsc
936 675 999 728 vult
1010 673 1147 730 actionem

135 774 171 812 ex
181 759 281 812 virtuts
293 773 353 811 ease
361 757 532 826 jocundam:
543 785 545 790 ·
558 757 648 810 sedin
658 769 693 810 eo
705 768 759 818 uon
777 755 934 824 convenire,
952 757 1030 825 quod
1041 755 1083 809 iis
1100 769 1150 812 ex·
1178 820 1182 826 ¹
1224 769 1225 774 ’

133 837 293 909 presserunt
303 841 488 908 voluptatem
504 839 564 908 ipse
577 855 639 894 roro
655 853 710 892 non
717 839 828 908 judicet
849 853 908 892 esse
925 838 1136 906 exprimendam
1140 859 1149 906 ;

133 935 197 974 cum
215 921 306 974 omnis
317 922 435 976 actioex
446 919 548 976 s'irtnte
567 937 616 992 per
631 937 660 975 se
679 921 806 989 joconda
824 921 1003 990 intelligatur,
1023 921 1108 976 etiam
1127 922 1150 977 ri

132 1003 331 1072 ipsaveluptas
342 1019 397 1057 nou
409 1002 588 1073 exprimatur.
623 1004 726 1058 Probat
739 1005 1021 1080 'entomrcluptatem
1040 1019 1150 1074 sempor
1222 995 1225 1000 ’

79 1079 81 1087 ’
134 1084 266 1154 consequi
278 1086 413 1139 eudonem
425 1099 462 1139 ex
472 1086 582 1152 virtuto,
593 1086 712 1155 primunr
723 1086 779 1151 sio';
799 1087 873 1158 qnod
885 1085 1002 1157 quisque
1019 1089 1096 1141 tmat
1112 1105 1150 1144 cx
1207 1107 1210 1114 ¹

135 1181 170 1220 eo
181 1167 256 1236 capit
266 1167 447 1236 voluptatem.
482 1167 524 1224 at
534 1167 668 1221 virtutem
678 1168 816 1221 studiosus
827 1167 901 1223 amat
910 1181 952 1238 etr,
963 1181 1026 1237 quee
1039 1173 1103 1224 sunt
1114 1187 1151 1226 ex

137 1247 246 1304 sirmio.
268 1249 359 1316 ‘'Ergo
370 1249 407 1302 ert
423 1245 458 1302 iis
473 1248 548 1317 capit
559 1250 738 1320 voluptatem:
773 1249 882 1302 Deinde
902 1250 956 1314 sic;
975 1265 1031 1306 non
1047 1255 1089 1306 eat
1104 1267 1151 1307 eo·

136 1328 285 1384 decoratio
301 1329 461 1395 multomm,
479 1345 530 1383 seu
547 1330 666 1398 vulgaris
685 1329 877 1395 multitudinis,
887 1335 916 1385 et
928 1347 1030 1399 eorum,
1049 1335 1152 1403 quires

136 1409 264 1466 bonseias
275 1417 378 1468 amant
414 1412 515 1466 Mollia
527 1411 734 1481 enimjucundc
742 1413 932 1482 pugnaotboc
945 1419 986 1468 est
996 1416 1068 1468 saria
1077 1420 1150 1472 sunt.

137 1492 178 1546 nt
198 1495 352 1550 amantibus
371 1509 465 1552 rerum
484 1494 662 1549 honestamm
673 1494 801 1568 jucunde
818 1495 955 1560 sidentur,
973 1505 1036 1564 qute
1056 1502 1153 1552 natura

134 1575 261 1644 iocunde
272 1583 345 1644 sunt,-
356 1582 389 1632 ut
401 1578 572 1638 actionesen'r
585 1579 694 1632 virtute.
732 1579 869 1630 Praeterea
884 1578 940 1630 sic:
960 1571 1048 1630 Mnus
1059 1593 1096 1632 ex
1107 1581 1155 1644 bo-

137 1658 180 1712 uis
193 1659 346 1714 actionibus'
359 1661 477 1730 percipit
492 1662 686 1730 voluptatem.'
707 1659 747 1715 At
758 1659 825 1714 felix
842 1662 884 1712 est
896 1657 996 1713 bonna.
1033 1659 1108 1730 Ergo
1119 1677 1156 1716 ex

139 1740 218 1794 bosia
229 1741 383 1795 actionibus
393 1743 511 1810 percipit
522 1743 700 1812 voluptatem.
735 1742 878 1795 Postremo
887 1741 946 1807 sic;
965 1739 1039 1810 quod
1052 1743 1155 1811 probus

138 1819 294 1887 judaeus
305 1821 442 1888 felicitate,
454 1824 494 1876 ita
503 1827 556 1878 est.
593 1821 756 1892 dijudicat
772 1839 833 1877 eam
852 1838 983 1878 essenon
1002 1825 1091 1880 solum
1107 1824 1154 1896 ju·

142 1900 752 1972 eundumnedenembonem,etpntenrsm.
785 1903 1042 1973 Ergoipsaitaest.
1071 1901 1172 1972 'Quo-=
1224 1904 1229 1912 '
1266 1921 1275 1988 j

143 1979 344 2047 circacumiu
354 1981 472 2034 Deliaco
480 1985 600 2038 carmine
612 1979 714 2051 aliquid
731 1983 839 2036 dicatur
856 2001 915 2036 osse
931 1985 1156 2055 pulcherrimum,

144 2064 223 2120 aliud
241 2063 388 2133 optimum,
404 2061 482 2116 aliud
497 2057 717 2132 pen'u'oondume
732 2063 794 2115 baec
804 2065 856 2116 tria
865 2064 895 2116 in
906 2065 1035 2118 felicitate
1047 2068 1158 2138 minime

100 2141 109 2148 “
143 2149 376 2204 disa'nctasuut·
731 2183 735 2194 «
895 2207 898 2212 ,

181 2229 273 2294 Nouo,
285 2229 332 2298 qui
350 2230 503 2298 posuerunt
515 2219 676 2280 felicitatem
686 2224 715 2278 in
728 2223 838 2288 virtute,
856 2227 886 2276 et
897 2223 976 2276 bonis
994 2224 1158 2294 externissi

142 2311 303 2379 judlotrunt
317 2309 475 2364 felicitatem
492 2307 616 2374 indigere
632 2305 712 2359 bonis
727 2305 847 2360 externis
858 2303 1005 2372 mesura,
1017 2305 1087 2362 dicit
1098 2307 1162 2362 Pisi-

143 2393 280 2463 loscpbun
288 2393 323 2448 ab
334 2394 367 2447 lis
376 2407 407 2446 se
418 2389 579 2446 dissentire:
592 2387 616 2442 si
627 2403 682 2446 nou
694 2389 737 2443 sui
749 2401 840 2455 causa,
851 2387 901 2442 sed
912 2388 948 2442 ob
959 2404 1003 2443 res
1011 2385 1163 2457 subjectat,

145 2478 254 2532 cumi·
266 2478 407 2547 profitetur
422 2489 452 2528 se
470 2474 634 2528 consentire.
668 2472 740 2528 Nam
760 2470 874 2525 felicitas
893 2472 1080 2527 consideratur
1094 2473 1163 2527 duc-

145 2561 198 2614 bus
210 2559 313 2623 modim
330 2560 374 2614 val
383 2564 416 2612 ut
427 2559 533 2627 perficit
544 2556 701 2622 habentem,
713 2558 742 2608 et
753 2554 805 2608 boc
816 2556 901 2609 modo
911 2554 1002 2624 posita
1010 2559 1054 2608 ost
1065 2557 1094 2610 iu
1105 2559 1164 2611 sola
1234 2558 1236 2567 ’

145 2641 253 2698 virtutis
264 2641 389 2698 actione:
408 2639 452 2694 vel
464 2643 496 2694 ut
507 2639 622 2694 refertur
634 2638 670 2690 ad
687 2636 763 2702 abus,
776 2641 805 2691 et
820 2637 872 2690 boc
885 2638 968 2693 modo
984 2635 1092 2707 indiget
1103 2639 1164 2710 qui·
1194 2689 1196 2694 .

146 2723 263 2777 busdam
273 2727 405 2794 tanquam
416 2721 613 2785 instrumentis,
624 2723 653 2773 et
661 2717 836 2791 quibusdam,
845 2735 882 2772 ue
892 2719 1056 2774 maculetur.
1081 2720 1163 2774 Com·
1192 2749 1196 2760 «

146 2807 282 2872 memorat
299 2804 385 2872 igitur
404 2803 542 2874 queedarn,
560 2815 624 2870 ques
643 2791 709 2855 sont
726 2805 856 2875 tanquam
878 2799 1076 2855 instrumentar
1098 2815 1163 2854 nam

146 2887 220 2942 sicut
235 2887 265 2940 ic
280 2887 386 2942 artibus
403 2879 592 2954 unusquisoue
609 2883 708 2938 artilex
719 2883 785 2937 licet
796 2883 935 2953 possideat
946 2882 1070 2935 habiturn
1082 2887 1111 2935 et
1121 2881 1165 2936 iu-

149 2971 303 3021 strumenta
323 2967 467 3030 ncturalia,
485 2965 592 3033 indiget
611 2968 704 3017 tamen
725 2963 890 3031 quibusdem
909 2962 1099 3014 instrumentis
1118 2977 1166 3016 ex·

149 3045 303 3098 elnaem:
322 3046 361 3098 sl'c
372 3040 439 3098 felix
449 3043 666 3113 licet-possideat
676 3039 816 3110 'uirtutem
827 3037 856 3092 ot
866 3033 937 3105 ‘agat
955 3053 992 3093 ex
1006 3040 1114 3110 virtute,
1126 3045 1166 3094 ts·

149 3139 218 3180 men
234 3124 341 3190 indiget
358 3124 461 3188 amiota,
472 3123 583 3187 divitiis,
600 3123 675 3178 cirili
692 3120 823 3190 potentia.
860 3116 1067 3198 Commemorat
1085 3121 1168 3174 etiem

153 3209 295 3280 quiedam,
306 3219 423 3274 quorum
434 3207 557 3258 absentie
568 3205 689 3257 maculet
703 3202 871 3271 felicitatem,
888 3201 1044 3274 cujusmodi
1060 3206 1102 3257 est
1118 3219 1167 3260 no-

154 3291 257 3353 nnus,
276 3287 423 3341 asemon
443 3275 576 3355 probino,
591 3263 776 3354 pulchritudo.
803 3285 896 3339 orne
914 3285 973 3356 ipse
992 3286 1109 3352 concon,
1128 3286 1168 3340 ro
1249 3335 1253 3342 .

152 3372 241 3428 rideri
264 3368 423 3424 felicitatem
446 3365 604 3434 hujusmodi
633 3365 811 3434 prosperitate
837 3366 1023 3434 indigerent
1046 3367 1169 3421 nonnulli

152 3457 228 3510 idem
247 3465 309 3508 esse
322 3447 445 3506 statuant
457 3448 768 3520 prosperamfortunam,
780 3450 808 3502 ct
819 3447 992 3504 felicitatem:
1013 3449 1059 3504 alii
1076 3454 1167 3506 autem

155 3539 294 3593 viantem.
581 3551 582 3558 ¹
677 3552 681 3564 ¹
752 3555 755 3561 ¹
831 3549 833 3558 ·

496 3721 554 3790 ΙΝ
571 3709 740 3790 CAPUT
762 3721 833 3788 IX.

197 3876 295 3930 Parsto
313 3873 384 3938 loco,
402 3887 465 3926 cnm
483 3873 590 3928 dietum
601 3869 674 3924 sitin
686 3872 739 3923 fine
749 3871 899 3942 superioria
906 3859 1003 3942 capitis
1014 3874 1173 3930 felicitatem
1285 3927 1288 3941 ,

161 3975 214 4013 uon
226 3957 315 4011 solnm
326 3955 473 4009 consistere
484 3955 513 4008 in
526 3955 634 4008 actione
646 3951 762 4018 virtutis,
780 3969 872 4010 rerum
886 3956 967 4008 etiam
978 3957 1100 4024 indigere
1111 3967 1173 4022 pro·

161 4041 290 4110 speritate
305 4037 429 4103 fortunae,
441 4037 585 4090 etidcirco
598 4035 725 4111 statuisse
737 4037 870 4106 quosdam
888 4037 962 4090 idem
983 4053 1043 4113 espe
1060 4031 1176 4086 felicita·

162 4127 218 4175 tem
230 4137 292 4175 urm
312 4119 490 4189 prosperitate
508 4117 634 4188 fortunae,
652 4117 785 4188 quosdam
805 4119 880 4171 idem
900 4133 960 4168 esee
980 4122 1042 4168 outn
1060 4111 1175 4172 virtute;

164 4205 302 4272 quoniam,
314 4202 336 4255 st
349 4199 534 4270 proficiscetur
547 4217 563 4254 a
574 4201 674 4254 virtute
684 4220 692 4266 ;
703 4201 815 4267 odorra
826 4211 910 4251 causa
922 4197 1050 4258 humana,
1061 4187 1085 4242 si
1098 4205 1113 4241 a
1125 4189 1177 4243 for·
