2836 4812
15 942 32 979 st

147 637 150 646 ’
245 707 249 737 ·
328 763 332 770 ,
413 667 676 752 Aunonn
708 667 1043 754 nnccononr

547 856 584 903 1n
602 855 732 906 niseum
748 856 904 917 quianon
942 888 946 896 .

242 950 506 1068 niniconun
529 1004 814 1067 Anrsnonnms
839 951 1224 1068 communiamus-

681 1175 778 1208 ..-

486 1301 570 1348 Lrnsn
582 1298 677 1362 quintus
687 1299 757 1346 habet
767 1299 846 1360 capita
857 1272 986 1352 undecim,

571 1443 642 1508 tn
665 1442 826 1510 canon
848 1442 911 1509 1.·
953 1425 957 1430 “
1023 1527 1026 1534 ,

193 1589 195 1596 “
259 1591 359 1666 Rnrno
370 1593 430 1646 loco
442 1589 568 1660 proponit
586 1548 771 1656 Philosophus
782 1587 1012 1640 considerandum
1026 1586 1063 1640 de
1079 1559 1194 1654 justitia,
1208 1593 1237 1642 et

157 1679 163 1686 '
223 1661 449 1744 injustitiacirca
461 1672 556 1740 quates
566 1671 687 1722 actiones
699 1669 884 1723 tatechabitns
894 1669 1068 1736 spectentur:
1082 1670 1168 1738 qualis
1179 1683 1236 1724 me·

225 1750 354 1810 diuinitas
365 1754 401 1804 sit
406 1752 529 1819 justitia:
541 1765 659 1818 quorum
672 1751 794 1803 medium
806 1739 842 1802 s'it
850 1750 967 1822 justum.
992 1750 1035 1804 Ac
1047 1751 1167 1806 actiones
1178 1749 1238 1821 qui-

225 1837 290 1915 dem
301 1833 421 1905 appellat
428 1833 534 1900 justam
545 1847 635 1885 rerum
648 1831 878 1898 distributionem,
885 1831 1024 1900 etiujnste
1034 1832 1168 1888 tactorum
1177 1849 1238 1886 cor-

225 1917 381 1986 rectionem.
389 1913 517 1967 ·=tastitta
528 1929 592 1968 vero
603 1919 646 1967 est
658 1914 839 1982 mediocritas,
851 1929 906 1968 non
920 1918 951 1967 ut
962 1915 1023 1968 alite
1033 1916 1155 1972 virtutes.
1176 1916 1237 1971 lue
1277 1977 1281 1982 ¹

120 2069 123 2074 ,
227 1997 300 2052 cuim
313 1998 383 2050 inter
395 1995 526 2050 duuvitia
538 1995 775 2064 suntinterp'eette,
795 1997 902 2050 duobus
920 1997 1073 2056 nominibus
1093 1995 1241 2061 distinctae,

227 2093 345 2149 quorum
364 2079 480 2132 atterunt
499 2077 633 2144 significat
657 2079 891 2148 exsuperantiam,
913 2064 1028 2132 atterum
1040 2078 1239 2148 detectionem,

227 2160 345 2230 ideoque
356 2159 559 2214 mediocritates
571 2149 718 2214 dieuniur:
737 2161 796 2214 haec
814 2175 877 2216 voro
889 2162 973 2214 solam
985 2161 1143 2229 injustitiam
1157 2160 1240 2214 habet

228 2244 390 2312 oppositam,
402 2258 465 2310 quae
476 2247 535 2294 tam
546 2243 582 2294 de
594 2243 795 2311 exsuperantia,
813 2259 894 2312 quam
910 2243 945 2296 de
963 2244 1117 2300 deiectione
1128 2241 1238 2298 disitnst

229 2325 468 2391 Quemadmodum
481 2329 573 2378 autem
579 2325 687 2393 justitia
699 2329 743 2377 est
751 2323 927 2377 mediocritas
934 2325 1007 2378 tuter
1017 2325 1239 2394 exsuperantiam

229 2411 258 2459 et
269 2397 462 2460 deiectionem:
474 2404 514 2458 sic
518 2405 626 2473 justum
641 2408 684 2458 est
695 2403 813 2456 medinm
826 2405 897 2478 inter
907 2405 1010 2473 ptus'et
1021 2408 1119 2462 minus.

183 2499 186 2502 ·
264 2484 392 2568 Secundo
404 2486 526 2552 exponit,
544 2501 608 2554 quac
629 2485 746 2538 docendi
762 2485 815 2551 via,
830 2489 859 2537 et
869 2486 940 2538 ratio
950 2485 985 2538 sit
995 2487 1139 2540 retinenda
1147 2485 1181 2541 'in
1192 2503 1240 2541 ex·

229 2566 357 2637 plicanda
369 2570 465 2620 notura
471 2566 601 2635 justitioe:
616 2566 679 2621 talis
697 2567 771 2620 enim
788 2567 865 2629 ratio,
884 2568 1116 2637 quemadmodum
1134 2570 1260 2640 dictum¹

135 2638 148 2678 s
231 2654 274 2703 est
285 2645 456 2716 libro-primo
468 2635 591 2717 pluribus
598 2640 631 2700 'in
647 2648 723 2714 locis,
743 2663 799 2713 non
810 2652 852 2700 est
864 2656 971 2712 exacta,
991 2649 1038 2702 sed
1050 2665 1085 2722 eps
1095 2649 1241 2715 probabiti-

229 2731 281 2785 bns
291 2750 299 2796 ς
309 2737 372 2799 quse
383 2729 411 2784 in
423 2730 605 2801 superioribus
615 2743 730 2802 quoquc
744 2729 819 2782 tibris
836 2727 959 2783 adhibita
971 2739 1043 2794 sunt,
1054 2723 1201 2784 etidcirco
1209 2747 1240 2784 se
1312 2799 1316 2807 ‚

230 2812 414 2884 probabihum
423 2826 531 2884 qnoque
543 2814 570 2866 in
581 2811 632 2866 hoo
642 2813 709 2864 libro
719 2827 832 2866 usurum
846 2827 905 2866 esse
913 2815 1064 2881 profitetur.

134 2905 137 2918 ⁴
263 2895 491 2967 Tettio'explicat
501 2900 628 2949 neumam
635 2893 751 2964 justitie
760 2909 796 2949 ex
807 2894 945 2949 communi
955 2893 1094 2952 nominum
1102 2893 1242 2950 existima·
1316 2889 1319 2896 '

124 3021 126 3028 >
229 2980 316 3050 tione,
324 2979 404 3036 iit-sit
414 2979 531 3044 habitus,
543 2993 599 3048 quo
610 2977 734 3032 tornines
745 2977 872 3048 propensi
884 2981 952 3032 sunt
961 2977 997 3031 ad
1006 2977 1112 3046 menda
1124 2993 1166 3046 ea,
1177 2993 1241 3050 quae
1264 2983 1267 2989 '
1307 2971 1309 2976 ’

197 3093 199 3100 ·
227 3057 920 3134 justasuntetqquustsagunt,etjustavolunt.
956 3060 1241 3134 Quemdefinitiocem

186 3159 189 3166 ·
231 3151 343 3202 secutus
354 3146 397 3207 est
406 3143 811 3218 quoquetusttnisnustinrot.
822 3142 1113 3211 Institutionum‚cum
1124 3141 1242 3210 tradidit,
1291 3139 1295 3147 “

228 3221 442 3294 iustititmicsse
454 3228 622 3294 perpetuam,
633 3229 663 3280 et
672 3228 843 3280 constantem
851 3223 899 3294 jus'
910 3240 992 3281 suum
1002 3227 1151 3296 unicuique
1158 3225 1243 3279 tribu·

230 3307 293 3362 endi
309 3301 486 3359 voluntatem·
514 3304 586 3360 tium
599 3299 673 3360 enim
684 3307 758 3360 dixit
765 3311 927 3376 perpetuant
945 3311 974 3362 et
994 3307 1176 3374 constantem,
1189 3304 1243 3374 'sig-

228 3387 427 3462 niueoqttjesse
446 3385 578 3454 habitum,
595 3387 689 3452 idest,
709 3389 868 3457 qualitatem
879 3393 1024 3459 perpetuo,
1043 3392 1073 3464 et
1088 3391 1244 3440 constanter

126 3513 129 3527 .
230 3469 421 3535 inducentem,
432 3472 461 3524 et
472 3469 619 3524 difficulter
628 3470 768 3538 mobilem,
790 3472 917 3541 nimipum
932 3464 1102 3525 sufferentem
1117 3485 1134 3522 a
1152 3468 1243 3539 dispo·

229 3551 336 3615 sitione,
347 3551 468 3622 quaetest
478 3553 557 3606 tecite
570 3553 688 3609 mobilis.
725 3554 797 3608 cnm
818 3553 932 3620 addidit,
946 3548 994 3622 jus
1003 3568 1084 3608 suum
1093 3552 1243 3622 uuicuique

153 3631 157 3644 ’
223 3633 376 3700 tribuendi,
385 3632 526 3706 denotavit
537 3650 597 3708 esse
609 3635 744 3703 ejusmodi
760 3636 893 3704 habitum,
909 3643 965 3706 quo
984 3636 1107 3691 homines
1119 3633 1244 3706 propensi

212 3741 214 3746 ·
229 3720 293 3770 sunt
305 3716 341 3769 ad
352 3715 459 3784 agenda
467 3731 510 3782 ea,
528 3726 593 3787 ques
601 3716 678 3786 jueta
692 3719 765 3781 sunt,
784 3721 881 3788 et'quo
893 3719 972 3788 Justa
982 3721 1077 3788 agunt.
1112 3717 1184 3770 Cum
1197 3715 1243 3779 ait,

104 3808 108 3813 ’
204 3793 410 3865 ,uoluntatem
421 3799 555 3872 expressit
566 3799 644 3866 iliud,
660 3799 734 3870 qnod
752 3800 843 3870 inquit
861 3799 1049 3870 philosophus,
1067 3803 1096 3854 et
1107 3799 1183 3868 justa
1194 3795 1245 3849 voi

168 3940 171 3948 Α
229 3882 299 3936 tunt.
335 3881 388 3954 Est
399 3885 493 3935 autem
504 3881 628 3953 definitio
636 3898 675 3937 ex
688 3882 741 3956 vie,
752 3885 782 3935 et
793 3881 897 3935 ratione
913 3881 1069 3937 resolvendi
1085 3879 1120 3932 ab
1139 3875 1243 3930 nitimis

231 3963 268 4019 ad
285 3963 413 4034 primum.
449 3963 522 4016 Nam
547 3963 664 4032 primum
684 3964 808 4031 homines
823 3962 1033 4032 justsvotunts
1055 3958 1153 4012 deinde
1165 3955 1243 4022 justa

231 4049 331 4117 agunt:
348 4048 445 4117 postea
456 4041 580 4098 habitum
595 4045 799 4099 nanciscuntur.
837 4045 863 4098 Ε
874 4046 1011 4098 cantuario
1029 4037 1124 4095 definit
1133 4036 1241 4105 injmti·

146 4199 149 4208 Ι
229 4133 306 4196 tiam,
323 4121 403 4190 nteit
419 4126 537 4192 habitus,
553 4141 609 4196 quo
620 4125 745 4194 injuriam
758 4125 870 4192 iaciunt,
885 4131 915 4181 et
925 4125 1028 4195 injuste
1042 4120 1148 4189 emunt,
1157 4121 1188 4175 id
1199 4124 1247 4174 est
