2784 4804
237 333 292 392 see
403 406 412 413 ,
458 333 588 397 dur.
616 333 733 399 ri1oc.
760 333 1010 399 conuertit
1115 407 1118 420 f

236 458 312 516 onim
327 427 456 516 honestes
468 450 524 516 nou
540 465 599 534 ipss
609 465 721 534 quidem
742 463 877 527 divinitus,
889 447 940 515 sed
947 429 1103 530 perlectum
1113 457 1263 532 quoddsm

236 539 391 598 divinitatis
402 546 585 602 simulacrum.
613 545 723 616 ¹lisque
737 545 858 600 secunde
869 543 994 611 ruldptss
1005 558 1022 596 s
1033 544 1124 611 prins
1136 544 1267 612 degene—

179 669 184 676 ,
236 628 288 689 tet,
304 627 370 694 quis
388 628 484 697 primus
497 627 632 694 divinitu,
650 628 727 682 slteri
748 626 897 683 divinitatis
915 624 1092 682 simulsorum
1108 627 1267 678 tudunum.

172 719 176 724 ’
236 705 367 778 Appeliut
378 711 458 764 etism
471 711 635 780 quaudoque
646 714 765 780 turpem,
773 711 941 780 quandoque
952 708 1072 764 medium
1084 713 1166 778 prout
1176 708 1273 761 ectio·

235 785 372 844 fueritve!
383 789 527 861 turpisne!
538 792 637 846 medis.
673 793 796 848 Tertiam
808 781 952 858 bonam‚si
966 792 1074 856 mentis,
1084 786 1265 860 rationisque

233 870 339 940 legibus
347 866 522 940 obsequetur:
542 875 651 938 mulum,
664 873 687 927 si
699 868 868 927 adversetur.
881 901 895 938 s
906 872 977 927 Haec
994 873 1069 926 mels
1087 873 1197 940 duplex
1208 878 1265 938 est,

232 965 288 1007 uus
304 955 420 1007 tunsus
432 969 495 1022 quae
512 969 568 1008 nou
586 955 713 1008 obhorret
727 955 881 1023 prorsussb
893 955 1011 1008 hominis
1028 958 1151 1008 uetere:
1169 955 1261 1008 slter's

230 1033 364 1089 immunis.
402 1035 442 1090 Et
453 1035 576 1089 humane
592 1051 687 1088 rursus
698 1037 811 1103 duplex,
823 1049 889 1098 une,
901 1050 964 1103 quae
984 1037 1138 1104 corrumpit
1149 1036 1260 1104 appeti·

227 1113 344 1181 tionem,
352 1129 409 1170 nou
417 1114 565 1182 judicium,
574 1121 606 1168 ut
615 1121 657 1169 est
666 1117 793 1184 voluptas
801 1114 1012 1180 incontinentis3
1026 1116 1120 1181 ultera,
1128 1131 1256 1185 qumnen

234 1196 326 1250 solnm
338 1197 546 1266 oppetitionem,
554 1199 603 1252 sed
616 1199 697 1251 etism
704 1196 853 1266 judicium,
862 1203 895 1251 ut
901 1199 1027 1266 voluptas
1036 1198 1255 1268 intemperantis.

231 1277 366 1334 Immanis
375 1280 478 1332 dicitnr
487 1282 571 1334 etism
583 1279 834 1344 serius,etserrilis.
853 1279 926 1332 Vult
936 1283 1030 1332 erstem
1039 1280 1257 1357 Aristotelesso·

229 1361 364 1430 iuptstem
377 1370 437 1414 esse
450 1356 644 1431 perlectionem
658 1361 794 1430 quandum
814 1359 980 1430 operationis
993 1362 1085 1428 animi,
1102 1368 1162 1417 tum
1173 1377 1255 1415 men·

144 1439 146 1444 ’
232 1441 468 1509 ῑίι,ίυιη“εειιευι.
500 1445 543 1498 Ac
557 1445 678 1513 operatio
690 1443 800 1512 quidem
812 1443 914 1496 menti
926 1448 969 1496 cst
980 1445 1162 1512 intelligentia,
1175 1444 1254 1511 cogi

231 1527 301 1578 tutio
317 1525 522 1594 contemplatio.
548 1525 696 1590 ⁴Perlectio
710 1523 795 1592 igitur
811 1515 1107 1593 contemplationisest
1118 1525 1251 1592 voluptas

231 1605 340 1660 tuentis.
375 1607 510 1660 sensuum
530 1621 593 1658 vero
611 1605 782 1672 operationes
801 1608 867 1659 sunt
887 1608 1027 1660 oculorum
1046 1606 1122 1670 driu,
1138 1604 1251 1659 sudrim

231 1689 345 1749 seditio,
357 1687 462 1739 uarium
480 1685 613 1752 odoratio,
628 1687 702 1754 gulae
724 1689 854 1754 gustetio,
866 1703 998 1742 munuum
1016 1689 1114 1744 tactio:
1132 1701 1252 1756 querum

158 1837 163 1852 ‚
229 1767 416 1843 operationum
436 1767 619 1836 perfectiones
631 1771 697 1822 sunt
707 1769 873 1838 voluptates.
909 1771 1021 1840 Duplex
1033 1775 1125 1824 riuum
1137 1775 1179 1823 est
1190 1785 1254 1844 per·
1320 1760 1326 1774 ‘

227 1846 309 1902 sectio
320 1866 327 1910 3
343 1858 398 1900 uua
410 1848 633 1917 praecipuuunee
646 1865 708 1918 pars
720 1857 764 1906 est
775 1851 844 1919 ejus.
854 1852 934 1918 ouius
945 1858 987 1907 est
999 1852 1138 1921 perfectio,
1147 1854 1176 1904 et
1186 1867 1251 1921 pers

228 1943 289 1982 esse
302 1928 379 1993 ntioe,
397 1930 539 1982 utunimus
555 1929 689 1985 hominis:
715 1933 799 1984 ultera
820 1949 1000 2001 consequens,
1015 1951 1087 2002 qum,
1104 1949 1170 1987 cum
1181 1947 1255 2001 pere

226 2011 355 2064 essentiae
368 2025 423 2063 uon
435 2009 479 2075 sit,
491 2011 638 2064 essentiam
651 2016 743 2066 temen
756 2015 943 2082 consequitur,
956 2019 985 2068 et
993 2017 1148 2079 comitetur,
1160 2018 1192 2067 nt
1198 2014 1251 2082 ju-

168 2147 177 2160 ,
229 2097 373 2146 ventulum
393 2092 576 2162 pulchritudo,
614 2093 749 2163 iutelligit
774 2093 1052 2166 eutein3Aristoleles
1074 2097 1252 2164 voluptutem

230 2175 427 2245 perfectionem
442 2181 668 2246 consequentem.
698 2175 771 2232 Haec
783 2195 819 2234 ex
831 2179 938 2246 Ficino.
962 2179 1026 2232 ism
1040 2180 1249 2249 perpendemus,

231 2277 295 2331 ques
314 2261 349 2314 de
367 2263 463 2314 nutura
475 2259 623 2330 voluptatis
641 2260 672 2314 in
689 2260 741 2316 hoc
764 2261 865 2331 cupite,
886 2267 915 2317 et
935 2263 1066 2332 sequenti
1083 2259 1167 2316 esde
1186 2253 1263 2316 Plio

132 2379 135 2387 s
229 2342 369 2414 losophus.
430 2345 433 2352 '

158 2439 169 2448 ·
202 2491 204 2496 ,
236 2453 240 2458 ·
265 2426 358 2480 Primo
367 2425 428 2480 loco
438 2425 535 2496 probat
543 2425 715 2494 voluptutem
728 2440 782 2480 nou
791 2443 851 2481 esse
862 2429 977 2493 motum,
990 2431 1019 2481 et
1035 2431 1100 2480 octo
1109 2426 1247 2485 observet,

229 2521 346 2576 qnorum
353 2507 470 2577 primum
481 2513 530 2576 est,
540 2507 615 2578 quod
625 2510 752 2577 voluptas
762 2513 804 2562 est
812 2509 1102 2574 similistvisionisusm
1115 2506 1248 2576 quemod-

187 2597 194 2602 '
228 2586 342 2647 modum
352 2587 422 2640 visio
434 2589 542 2662 videtur
551 2588 651 2658 quovis
669 2595 791 2656 tempore
802 2587 924 2655 perfecte
935 2603 1005 2652 esse,
1017 2603 1081 2639 cum
1093 2587 1159 2638 nilsil
1172 2587 1244 2638 ‹lesi-

228 2669 314 2732 deret,
333 2669 487 2738 quodcum
505 2677 602 2738 postes
619 2669 769 2734 contigerit,
783 2668 848 2734 ‘ejus
866 2667 978 2717 formm
997 2665 1033 2718 sit
1051 2664 1243 2716 absoluturum

225 2749 361 2819 (loquitur
372 2751 443 2805 euim
456 2751 634 2820 Philosophus
644 2749 679 2802 de
690 2748 790 2801 visione
803 2763 866 2812 unm
884 2747 990 2810 etiotu,
1002 2761 1067 2799 cum
1077 2745 1245 2802 iustrumen-

226 2838 288 2888 tum
298 2833 407 2888 uidendi
418 2837 459 2890 est
472 2834 555 2903 probe
565 2834 701 2894 ellectum,
713 2834 741 2882 et
753 2827 875 2884 medium
884 2828 960 2880 bene
967 2827 1141 2896 dispositum,
1152 2831 1182 2880 et
1190 2826 1245 2882 slis·

230 2915 319 2970 tsnlis
330 2918 500 2980 couveniens,
518 2920 551 2969 ut
570 2913 707 2983 cumquii
718 2911 794 2968 uidet
814 2915 900 2965 totum
918 2910 1038 2979 aliquem
1052 2909 1245 2976 ebetudinem,

219 3017 284 3056 ’που
296 3001 331 3055 de
343 3003 453 3066 visione,
462 3017 526 3069 quse
537 3000 568 3053 fit
579 3015 629 3068 per
639 2999 841 3052 successionem
853 2996 980 3066 partium,
990 2995 1030 3048 itu
1037 2999 1070 3047 ut
1081 2995 1245 3063 primnmsi·

228 3083 297 3140 dest
307 3097 390 3137 uuum
402 3087 516 3150 purtem,
528 3084 557 3135 et
566 3077 800 3150 postes‘alterum)
809 3079 848 3132 sic
858 3079 990 3146 voluptas,
1002 3092 1065 3146 quae
1078 3076 1170 3146 aliquo
1181 3079 1248 3130 tem·

228 3181 295 3235 pore
307 3165 429 3225 hebetur,
441 3163 561 3230 perlecta
572 3162 653 3216 estin
666 3163 790 3232 quelibet
802 3167 880 3231 purte
892 3160 951 3230 ejus
963 3159 1111 3230 temporis:
1131 3174 1245 3228 numque

229 3253 319 3301 toturn
332 3245 462 3314 quiddam
474 3251 524 3311 est,
540 3249 623 3313 utque
641 3246 794 3314 integrum:
814 3259 904 3314 neque
919 3241 1246 3312 quisqusmvuluptstem

109 3325 116 3338 '
229 3328 419 3397 ullottempore
437 3333 537 3394 sumat,
555 3327 636 3394 cujus
647 3327 789 3396 silongius
802 3327 979 3394 producetur,
997 3322 1082 3378 forms
1092 3325 1128 3378 sit
1145 3323 1245 3393 perfec·

228 3405 388 3461 tioriutnre.
424 3410 581 3476 Secundum
592 3413 645 3474 est,
653 3411 729 3478 quod
740 3409 830 3462 omnis
843 3408 930 3462 motio
941 3407 1017 3461 estin
1030 3411 1158 3476 tempore,
1169 3408 1199 3458 et
1209 3421 1243 3458 ex

227 3483 431 3558 imperfectione
449 3495 484 3548 sd
497 3483 694 3563 perlectionem
715 3491 901 3560 progrediturg
919 3491 994 3546 uerbi
1013 3492 1098 3559 petis
1115 3489 1198 3558 isqui
1214 3488 1242 3541 iu

107 3627 113 3640 ,
228 3573 389 3635 e'edilioendo
401 3573 536 3642 ueremur,-
555 3580 615 3630 tum
631 3575 766 3644 perlectus
777 3575 828 3635 est,
840 3575 870 3624 et
888 3588 933 3626 srs
944 3571 1099 3625 {edificandi
1109 3578 1175 3624 tunc
1187 3585 1242 3640 per·

219 3653 375 3710 'sectionem
386 3657 497 3710 videtur
511 3661 670 3722 consecute,
683 3671 749 3710 cum
762 3655 799 3720 id,
810 3654 886 3722 quod
902 3651 1048 3720 desideret,
1060 3652 1187 3718 effecerit,
1198 3656 1243 3704 eut

227 3740 256 3794 iu
268 3739 326 3792 totu
335 3736 464 3792 videlicet
478 3744 609 3808 tempore,
628 3742 676 3792 sut
687 3739 716 3792 in
727 3737 799 3791 hoc,
822 3735 949 3790 Tertium
962 3739 1015 3800 est,
1029 3735 1104 3804 quod
1115 3736 1242 3788 motiones

225 3827 292 3879 sunt
308 3821 485 3892 imperfecte,
498 3837 562 3889 ques
574 3823 608 3874 ud
627 3823 710 3876 finem
728 3821 848 3891 aliquem
864 3818 1092 3889 progrediuntnrs
1110 3819 1172 3872 duis
1186 3817 1240 3887 ipsc

134 3906 137 3918 '
224 3905 427 3976 estperieotus.
462 3897 602 3966 Quartum
612 3909 663 3968 est,
675 3902 905 3974 quodmotiones,
919 3917 983 3972 quse
996 3901 1025 3953 in
1037 3900 1160 3969 pertibus
1173 3903 1240 3952 tem-

225 3988 299 4054 poris
310 3989 388 4052 fiunt,
399 3983 488 4057 speeie
496 3981 572 4068 ⁸inter
580 3997 611 4034 se
623 3983 760 4048 differunt,
771 3987 826 4037 ets
837 3987 904 4038 tuto.
934 3983 1074 4052 Lepidum
1085 3981 1158 4036 enlm
1169 3993 1240 4044 cum·

224 4069 333 4138 positio,
351 4074 380 4126 et
390 4071 527 4125 structore
538 4060 646 4117 diverse
655 4067 698 4118 est
708 4082 725 4119 s
736 4065 872 4122 columnus
882 4063 1021 4132 theodosi,
1033 4079 1117 4135 quem
1128 4063 1239 4130 Eusim-
