2806 4796
403 459 452 518 rr
474 461 565 521 oio.
583 459 607 517 r.
631 423 791 520 eosic.
816 461 968 519 amer.
1156 469 1213 526 si*

175 534 302 654 'respicit
313 587 395 653 atque
413 584 441 636 in
459 583 513 638 illis
524 587 652 638 versatur.
687 583 827 645 Praeterea
842 584 1074 652 actionesprobae
1086 599 1141 638 uos
1150 585 1191 640 di-

78 719 83 724 ,
184 669 283 718 cuntur
299 681 359 720 esse
377 667 498 720 actiones
513 665 748 736 proconnesum
767 667 862 734 longe;
881 667 1007 735 proxime
1026 671 1120 720 autem
1136 682 1195 734 pro·

185 746 270 802 dennt
281 763 317 800 ex
330 747 439 816 proprio
455 749 546 817 aliquo
564 748 671 800 virtutis
679 748 793 819 bsbitu,
804 753 837 802 ut
854 748 1071 817 atemperunlie,
1079 747 1196 816 justitia,

181 833 211 880 et
226 828 368 884 similibus.
406 830 637 894 Etcuntirmatur‚
649 829 716 899 quin
733 831 951 899 praelectionem
971 833 1142 899 sequuntur:
1162 831 1196 884 ab

181 924 270 979 eaque
281 905 453 978 potissimirm
466 910 651 964 conditionem
663 911 813 979 recipiunt:
831 911 1016 979 at'prudeutia
1028 925 1082 964 non
1093 911 1195 965 cousti-
1299 911 1302 922 ‘

130 1039 133 1044 .
182 991 235 1044 init
246 992 482 1060 praeelectionem:
502 1009 554 1046 neo
565 986 678 1045 munere
691 992 750 1060 ejus
758 992 868 1060 propria
876 993 1059 1060 prmeligimus
1069 993 1107 1055 id,
1119 993 1193 1062 qnod

181 1072 397 1141 praeligendum
408 1078 467 1138 ests
479 1075 535 1127 ‘sed
548 1089 660 1127 munere
670 1073 806 1132 virtutum
817 1089 880 1142 qum
890 1073 920 1126 io
933 1089 1006 1129 more
1017 1075 1194 1130 collocantur.

180 1153 281 1224 Neque
300 1145 458 1224 etiamper'
472 1154 644 1224 prudentiam
657 1155 801 1225 rin-probi
813 1155 1023 1210 denominamur
1030 1155 1056 1210 :l’
1075 1156 1194 1224 probitas
1248 1155 1251 1162 '

150 1291 157 1299 ,
181 1236 256 1292 enim
277 1253 314 1290 ex
333 1237 438 1302 babitu,
450 1242 478 1290 et
490 1238 591 1290 virtute
607 1237 636 1288 in
651 1251 725 1288 more
741 1235 830 1305 posita
844 1238 994 1305 consurgit.
1030 1235 1198 1302 llliiintclli·¹
1248 1273 1252 1276 -

129 1375 131 1380 ,
183 1319 405 1386 gnutJ'nstiliam.
424 1319 515 1384 Quam
525 1315 681 1386 opinionem
691 1317 776 1370 etism
784 1318 1001 1372 Pieoolomiuens
1009 1319 1118 1382 refutet,
1129 1334 1196 1387 qno·

183 1398 257 1464 nium
269 1400 433 1455 Aristoteles
446 1400 530 1453 tradit
541 1400 594 1452 boo
611 1399 640 1451 in
651 1399 713 1451 loco
727 1399 910 1454 definitionem
922 1400 1067 1464 felicitatis,
1078 1405 1111 1453 ut
1122 1415 1196 1456 com·

183 1495 294 1534 mnuem
305 1483 381 1535 omui
393 1481 525 1546 felicitati,
538 1485 598 1534 tum
610 1480 639 1532 io
651 1479 768 1545 actione,
786 1483 846 1532 tum
861 1481 891 1532 in
908 1479 1136 1547 contemplatione
1151 1495 1199 1550 po·

183 1561 253 1616 sitae.
289 1560 372 1628 Quod
383 1566 460 1634 patet
470 1563 586 1630 ratione,
595 1562 662 1630 quia
671 1563 792 1632 primum¹
807 1562 961 1616 communis
977 1561 1200 1629 tioisproponerr·¹
1272 1541 1303 1624 ,'

115 1641 120 1650 '
183 1642 554 1713 dusetexpliesndusluit.
591 1644 673 1698 Patet
683 1659 795 1714 quoqne
812 1643 982 1710 anctoritate,
1000 1641 1066 1712 quio
1076 1641 1200 1698 Aristin
1287 1657 1289 1662 ·
1315 1685 1318 1692 ,

163 1775 170 1784 .
186 1730 228 1779 10.
240 1727 342 1781 Moral.
356 1728 515 1784 Nicomooh.
528 1743 590 1796 cap.
602 1731 629 1782 6.
641 1731 668 1783 7.
680 1729 823 1784 locuturus
834 1728 870 1781 de
888 1743 997 1782 summo
1009 1727 1082 1780 bono
1090 1727 1126 1780 iu·
1134 1741 1199 1782 cou-
1258 1751 1265 1764 =

184 1805 361 1872 templatim
372 1811 463 1874 posito
475 1807 575 1876 accipit
585 1808 769 1866 definitionem
780 1826 864 1879 supra
874 1811 997 1876 relatam,
1009 1810 1038 1862 et
1049 1809 1086 1863 ab
1097 1803 1157 1876 ipso
1168 1807 1199 1862 in

189 1884 243 1937 noc
254 1885 342 1953 primo
357 1887 423 1938 libro
434 1889 572 1954 traditam,
583 1905 616 1942 ae
628 1905 663 1943 ex
683 1908 717 1946 ea
728 1892 884 1947 delinitione
900 1893 977 1946 elicit
994 1905 1135 1945 summum
1150 1891 1199 1944 bc

187 1978 255 2022 unm
268 1965 300 2018 in
311 1967 540 2034 contemplatione
556 1971 690 2034 positum:
706 1971 799 2040 inquit
812 1972 886 2028 euim
901 1972 931 2024 in
941 1988 1004 2038 cop.
1013 1976 1040 2025 7.
1050 1971 1072 2023 si
1082 1971 1199 2024 felicitas
1212 1972 1215 1976 ’

185 2051 230 2101 est
248 2047 325 2100 actio
344 2047 501 2100 secundnm
515 2047 655 2112 virtutem,
675 2049 815 2115 probabile
833 2054 876 2102 est
893 2065 955 2102 eam
971 2065 1030 2102 esse
1046 2050 1200 2120 secundnm

186 2127 448 2199 praestantissimam
461 2123 595 2188 uirtutem¹
604 2146 612 2190 3
629 2131 712 2193 atque
722 2127 784 2180 hoec
795 2125 856 2192 ejus
864 2128 958 2193 fuerit,
968 2128 1041 2196 qnod
1051 2130 1081 2180 iu
1091 2129 1201 2182 bomine
1286 2121 1288 2129 ’

185 2209 385 2278 estoptimnm.
404 2208 515 2277 ,ltaque
526 2206 646 2260 ostendit
656 2206 727 2261 barre
738 2199 870 2262 virtutem
877 2209 1009 2276 optimam
1020 2209 1157 2275 pertinere
1166 2211 1201 2264 ad

185 2297 319 2356 mentem,
331 2294 361 2344 et
372 2283 558 2344 definitionem
575 2288 712 2342 felicitatis
725 2289 874 2358 praecipue,
886 2292 915 2344 et
927 2289 1035 2358 proprie
1047 2294 1202 2359 competere

112 2383 115 2392 ’
175 2365 316 2434 'felicitati
326 2375 358 2426 iu
373 2371 606 2440 contemplatione
620 2372 734 2441 positar:
754 2372 828 2442 qdod
848 2372 1020 2440 confeceret
1035 2372 1059 2426 si
1070 2372 1201 2428 deliniens

185 2471 324 2512 summum
341 2457 453 2522 bonum,
469 2447 523 2524 'per
530 2455 660 2510 virtutem
675 2454 912 2522 absolutissimam,
932 2457 961 2507 et
978 2453 1203 2524 perfectissimam·

185 2539 353 2608 dgnilioaret
359 2531 504 2607 justitiamss
531 2537 665 2592 Nonnulli
676 2537 833 2606 intelligunt
843 2538 1092 2594 omnem,rirtutem
1104 2537 1200 2607 babitu

61 2657 69 2668 -
184 2623 382 2688 confirmatam,
393 2622 451 2690 siro
463 2619 500 2674 sit
508 2620 673 2696 principium
681 2619 789 2689 egendi,
798 2619 1070 2698 sivestliciendi„sive
1078 2623 1202 2674 odotem·

184 2703 290 2774 piandi.
309 2747 311 2754 .
327 2704 371 2758 De
383 2704 489 2757 ratione
506 2702 579 2754 euim
596 2704 658 2756 inm
674 2701 792 2766 babitus,
809 2705 869 2762 tum
879 2701 989 2757 virtutis
1004 2701 1141 2772 perfectio.
1148 2705 1199 2756 est.

173 2785 301 2840 Etcum
313 2785 399 2839 Arist.
410 2785 492 2849 dicat,
504 2783 527 2836 si
537 2784 629 2853 plures
640 2784 694 2838 rint
705 2783 820 2838 virtutes
828 2785 968 2854 perlectae,
983 2787 1015 2838 ut
1025 2799 1120 2838 resera
1137 2787 1202 2836 sunt

185 2853 289 2938 plnres,
298 2868 412 2922 felicitas
421 2872 463 2934 est
473 2867 547 2920 ectio
559 2867 711 2922 secuudum
724 2867 957 2936 perfectissimam,
970 2867 1040 2920 buno
1053 2866 1132 2934 ajunt
1142 2880 1202 2920 esse

170 2951 318 3002 ,virtutem
330 2948 447 3014 civilem,
459 2965 508 3001 seu
515 2951 654 3011 moralem,
662 2952 691 3006 et
701 2951 845 3016 prepterea
857 2947 943 2998 Arist.
955 2947 985 2998 iu
993 2946 1128 3012 prooemio
1138 2945 1202 2998 Mo·

174 3029 239 3082 .ral.
250 3029 359 3082 Nicom.
375 3029 483 3083 civilem
500 3030 640 3082 scientiam
660 3027 787 3080 omuibus
802 3025 966 3093 protulisse.
1001 3024 1084 3100 Hauc
1096 3028 1202 3078 molen-

189 3109 259 3166 tiam
280 3108 589 3162 idem'Piocolomiuens
610 3106 787 3176 reprehendit
806 3105 904 3158 eadem
927 3103 1042 3169 ratione,
1064 3104 1129 3174 quis
1150 3104 1202 3159 hoe

175 3185 275 3244 modo
288 3186 484 3252 talis‘detinitio
496 3186 685 3241 solisslicitati
697 3185 770 3238 civili
786 3189 960 3255 competeret,
976 3185 1202 3256 non.ei,.qnae.in

190 3267 426 3338 contemplatione
438 3270 480 3320 est
490 3266 591 3336 positae
600 3266 779 3337 quod'aperte
790 3267 932 3326 Aristoteli
943 3268 1111 3324 adversetur.
1128 3269 1204 3324 Prae·

189 3353 308 3418 recessi
320 3368 354 3406 ea
365 3342 503 3404 sententia
514 3351 588 3403 esset
598 3363 671 3413 vera,
681 3347 780 3402 falsum
792 3353 863 3404 esset
872 3350 1002 3414 virtutem
1011 3350 1134 3406 absolute
1143 3368 1202 3421 per·

187 3437 299 3501 tectam,
311 3434 492 3503 omniumque
503 3431 726 3502 perfectissimam
737 3433 932 3489 esserirtutem
945 3435 1051 3500 mentis,
1063 3450 1110 3504 per
1120 3450 1201 3504 quam
1251 3465 1253 3468 -

190 3518 420 3587 contemplamur,
435 3531 501 3570 cum
521 3517 613 3568 tamen
624 3513 709 3568 Arist.
726 3514 773 3568 lib.
787 3519 829 3569 lo.
843 3519 938 3584 espa.
954 3517 980 3570 oi
992 3517 1202 3587 tribuatprirrci·

189 3601 295 3668 patum,
314 3598 449 3668 rubique
467 3595 616 3651 rationibus
634 3597 783 3650 confirmet.
820 3595 887 3664 Ipse
904 3613 966 3651 vero
977 3598 1203 3662 Picoolomiueus,

191 3694 275 3756 qoem
293 3693 343 3731 nos
360 3679 509 3748 sequimur,
528 3679 719 3752 itaxexplicat3
741 3680 758 3710 ‘⁶
771 3679 854 3733 Hanc
864 3669 1051 3736 definitionem
1068 3686 1163 3753 primo,
1175 3685 1204 3736 et

190 3758 333 3836 praecipue
350 3775 501 3828 coemere
512 3753 708 3814 summobono
725 3760 755 3814 iu
770 3762 1000 3834 contemplatione
1020 3765 1116 3834 posito,
1136 3779 1204 3834 qno·

191 3842 277 3905 uiam,
290 3840 355 3892 dum
368 3841 493 3898 delinitur
503 3841 541 3908 id,
553 3839 628 3910 quod
640 3846 682 3896 est
698 3843 733 3895 ab
746 3858 810 3909 nno,
821 3843 940 3900 delinitio
952 3846 979 3899 ei
995 3845 1078 3916 debet
1089 3853 1204 3918 praescri

188 3924 241 4002 tim
252 3927 418 3991 competere,
429 3924 503 3992 quod
515 3920 632 3992 primum
645 3928 696 3989 est,
706 3926 829 3979 seeundo
840 3927 901 3980 loco
910 3926 978 3982 aliis.
1014 3929 1055 3983 At
1066 3939 1203 3996 summum
1245 3940 1249 3944 ·
1328 3916 1332 3921 ’

190 4005 294 4058 bonnm
311 4009 353 4056 eat
365 4005 399 4056 ab
409 4019 475 4070 nuo,
486 4009 515 4057 et
526 4004 643 4072 primum
654 4009 697 4058 est
709 4005 785 4072 illud,
796 4007 869 4078 qnod
881 4009 911 4061 in
923 4008 1152 4076 contemplatione
1163 4005 1216 4060 eet,
1320 4031 1323 4039 s

192 4089 322 4156 positum,
334 4090 367 4140 nt
377 4088 484 4140 constat
494 4099 530 4139 ex
543 4089 593 4140 lor.
605 4085 777 4142 Etlrioornm.¹
804 4090 888 4158 *Ergo
896 4087 924 4140 ei
935 4089 1025 4156 primo
1037 4085 1205 4140 debetcum·

195 4173 286 4238 petere
297 4167 430 4233 monitio,
441 4167 563 4232 mundo
573 4170 667 4236 antem
682 4170 745 4244 loco
756 4185 864 4252 summo
875 4169 949 4220 bono
961 4163 1063 4218 morali.
1087 4159 1160 4216 Nam
1168 4161 1207 4217 fe·
